1919 2964
428 252 585 301 Similis
600 253 847 292 Oblatarum
877 251 1157 301 Congregatio
1171 277 1184 297 ‚
1216 252 1282 292 seu
1299 251 1455 292 Domus
1470 250 1777 292 Convidtricum
1795 275 1809 296 o

480 308 549 348 sub
563 305 751 353 auspiciis
772 302 1016 342 Sanc‘tiffimi
1035 302 1210 356 Infantis
1225 305 1316 354 Jesu
1336 330 1349 348 ‚
1379 302 1549 344 fundata
1567 307 1618 343 est
1638 305 1676 343 in
1692 303 1809 342 Civi-

481 367 572 399 tate
586 356 728 397 Asculi
742 369 847 395 anno
869 360 982 402 1697.
1001 380 1014 398 ‚
1045 369 1119 396 aere
1133 358 1291 396 collato
1308 369 1328 395 a
1347 357 1422 404 piis
1435 357 1676 396 Mulieribus
1695 357 1810 395 Mar-

477 410 632 457 tellina
666 407 840 448 Sallanti
853 432 866 451 ‚
907 409 946 447 δε
974 407 1110 446 Maria
1137 409 1296 459 Augela
1324 409 1476 448 Caucci
1491 433 1504 452 ‚
1548 423 1633 459 quae
1667 410 1706 448 in
1740 408 1809 446 Iu-

474 465 700 512 strumento
729 459 974 506 Donationis
1002 460 1195 508 stipulato
1243 473 1380 500 coram
1413 461 1611 510 Episcopo
1639 462 1810 500 Dioece-

478 517 574 562 sano
590 513 807 553 nonnullas
839 512 1000 561 regulas
1018 524 1040 550 a
1055 511 1361 553 Convitricibus
1395 513 1606 554 servandas
1632 514 1810 561 praescri-

478 568 648 617 pserunt
679 589 692 610 ,
731 568 773 604 In
802 565 1012 612 conformicd
1050 564 1140 605 dell’
1163 567 1317 616 Istituto
1336 570 1554 616 principiam
1585 569 1623 602 ln
1654 569 1803 603 Roma-³

476 621 506 658 1’
511 632 601 658 anno
620 622 734 666 1671.
750 619 800 660 da
816 619 932 661 Anna
946 616 1095 659 Moroni
1123 630 1133 656 :
1166 619 1380 658 Addentes
1400 619 1507 670 quod
1527 630 1598 667 pro
1615 629 1807 657 accurata

468 670 701 729 'earundem
731 670 981 719 Regularum
1009 671 1261 710 observantia
1289 672 1402 721 sequi
1431 670 1558 720 poffet
1587 670 1807 711 methodus

476 723 631 763 tradita
658 723 699 762 in
713 731 890 774 quatuor
909 721 1040 769 Libris
1057 722 1265 770 asservatis
1298 736 1369 773 per
1384 723 1617 767 Convic‘tric
1626 734 1664 761 es
1687 720 1808 760 Urbis

476 776 589 817 idem
604 775 835 815 institutum
864 767 1126 824 profitentes,
1155 777 1246 813 dalli
1264 777 1363 825 quali
1388 782 1402 824 (
1419 778 1509 815 sunt
1524 777 1645 814 verba
1662 774 1809 813 Instru-

475 828 610 870 menti
625 831 640 873 )
661 837 832 878 potranno
848 827 876 864 li
892 829 1085 876 Superiori
1104 830 1143 865 di
1162 829 1353 877 ciaschedt
1355 844 1399 866 na
1418 829 1507 878 Casu
1523 855 1535 873 ‚
1555 829 1617 870 che
1635 829 1674 863 di
1691 827 1808 876 questo

477 923 482 927 ⁴
473 881 616 931 stttuto
623 881 657 930 si
673 881 838 929 sonduffe
856 905 867 924 ‚
889 880 1081 929 sciegliere
1096 881 1294 926 solamente
1320 882 1463 931 quelle,
1493 883 1556 918 che
1581 883 1713 929 par-eru
1740 882 1806 927 piu

475 933 701 982 apropofito‚
721 933 875 981 secondo
890 932 926 968 la
941 934 1115 981 daversttci
1133 931 1353 981 de'Luoght,
1382 936 1428 970 de
1454 937 1592 981 tempi,
1622 934 1699 969 ede
1711 934 1804 998 Soge·
1853 962 1858 965 .

467 989 588 1035 getti,
619 986 683 1023 che
704 985 863 1033 suranna
890 985 1031 1033 insieme
1060 999 1216 1034 congreg
1217 989 1288 1030 itt,
1331 985 1574 1033 tralusciando
1597 994 1690 1023 tutto
1719 988 1803 1028 cio,

473 1041 539 1077 che
549 1036 880 1087 pareffesuperfluo
892 1062 904 1082 ‚
934 1050 952 1075 e
967 1047 1083 1088 troppo
1098 1037 1241 1087 proliffo
1254 1062 1266 1081 ,
1298 1051 1314 1074 o
1328 1039 1432 1076 molto
1455 1036 1599 1086 difficile
1615 1037 1661 1073 da
1671 1039 1807 1086 prattia

470 1091 586 1139 earfi.
618 1089 669 1135 Et
683 1101 789 1128 anno
809 1102 920 1134 1701·
940 1115 953 1134 ,
982 1103 1109 1139 quum
1125 1090 1307 1129 evocatis
1323 1103 1344 1129 a
1357 1087 1692 1139 Congregatione
1710 1088 1809 1137 Spo-

473 1145 614 1183 letana
644 1141 796 1181 duabus
815 1140 980 1181 Oblatis
1011 1142 1194 1180 inchoari
1223 1141 1418 1182 debuisset
1445 1141 1667 1180 Convictus
1685 1166 1698 1185 ‚
1731 1154 1804 1179 ve-

471 1196 584 1235 niam
601 1185 868 1233 Fundatrices
885 1195 1134 1242 postularunt
1148 1195 1194 1232 ab
1209 1192 1705 1243 EpiscopoAsculano‚qui
1722 1192 1807 1232 Do·-

473 1256 590 1288 creto
605 1247 674 1285 suo
687 1246 866 1295 petitam
882 1244 1128 1286 facultatem
1147 1247 1383 1296 impertitus
1400 1249 1479 1288 est,
1510 1249 1586 1284 hoc
1614 1244 1759 1283 addito
1775 1258 1804 1280 .-.·—

473 1302 550 1341 Sub
566 1299 713 1348 honestis
732 1309 851 1336 tamen
865 1300 1041 1348 Capitulis
1060 1323 1072 1343 ,
1100 1302 1143 1343 ὠ·
1157 1301 1421 1337 conditionibus
1435 1309 1501 1349 per
1515 1297 1773 1343 nosfi'rmandis
1791 1322 1807 1342 ‚

475 1353 734 1397 moderandis,
764 1355 808 1399 ²5⁶5·
821 1352 1003 1390 mutandis
1023 1376 1036 1397 ‚
1067 1353 1305 1401 &augendis
1323 1378 1334 1398 ‚
1358 1362 1466 1401 prout
1481 1351 1669 1400 expediens
1683 1349 1804 1399 visum

493 1409 612 1448 uerit

420 1408 547 1500 Lazet
565 1484 579 1503 ,
608 1469 692 1508 quae
708 1455 851 1506 primis
866 1457 980 1496 annis
996 1455 1126 1496 fuerit
1142 1458 1351 1507 regiminis
1369 1456 1501 1497 forma
1531 1457 1571 1496 in
1602 1454 1810 1495 Conviftu

474 1510 698 1550 Asculanos
715 1508 780 1547 sed
794 1510 925 1547 altera
945 1509 1210 1560 Oblata,quae
1230 1513 1276 1550 ab
1291 1511 1365 1550 illo
1378 1508 1553 1549 disceffit
1567 1520 1671 1547 anno
1690 1522 1703 1547 1
1716 1521 1734 1554 7
1747 1520 1810 1554 17·

474 1575 549 1612 pro
568 1560 690 1599 fimili
706 1560 895 1598 convictu
913 1559 1186 1599 instituendo
1176 1575 1215 1599 in
1234 1563 1421 1601 Civitate
1439 1560 1566 1599 Firmi
1581 1585 1595 1604 ‚
1620 1561 1808 1605 testatur,

472 1611 848 1663 Congregationem
860 1611 1106 1650 Asculanam
1122 1612 1264 1661 primis
1281 1613 1531 1660 temporibus
1545 1610 1714 1650 caruisse
1732 1611 1809 1649 Pa-

475 1676 541 1706 tre
557 1665 804 1711 Dire6tore‚
830 1664 897 1702 scu
914 1662 1165 1709 Vifitatoiqe
1191 1665 1241 1704 de
1258 1678 1337 1715 quo
1353 1665 1626 1703 controversia
1656 1665 1708 1702 est
1726 1689 1738 1708 ,
1767 1664 1808 1702 ὃς

477 1718 605 1758 tribus
623 1717 689 1755 vel
710 1724 885 1766 quatuor
903 1712 1016 1755 annis
1034 1724 1130 1755 ante
1145 1716 1259 1755 suum
1276 1715 1489 1756 discessum
1521 1714 1637 1754 fuisse
1654 1728 1676 1754 a
1693 1715 1806 1754 Con-

473 1768 711 1809 victricibus
729 1767 935 1806 electum
926 1780 965 1805 m
979 1769 1158 1816 primum
1177 1768 1463 1813 Direstorem,
1479 1770 1516 1807 St
1536 1768 1807 1808 Vifitatorem

475 1820 703 1870 Virgilium
720 1819 923 1877 Sgariglia
934 1820 1224 1869 Presbyterum
1237 1820 1577 1870 congregationis
1596 1819 1806 1863 oratorii,

470 1874 583 1913 nulla
601 1898 614 1918 ,
645 1880 691 1910 ut
708 1871 767 1910 ait
787 1897 800 1916 ‚
835 1872 968 1920 petita
982 1872 1103 1911 venia
1128 1874 1175 1912 ab
1189 1873 1411 1921 Episcopo
1443 1873 1493 1910 Et
1523 1884 1667 1910 revera
1683 1872 1800 1920 Epis-

471 1938 595 1975 copus
613 1924 842 1963 Asculanus
858 1924 924 1963 die
943 1939 1004 1972 27·
1021 1924 1122 1974 Julii
1142 1938 1256 1972 1713.
1274 1923 1457 1964 vifitavit
1472 1923 1716 1962 Oratoiium
1732 1950 1745 1969 ‚
1762 1923 1802 1962 Sc

474 1978 658 2017 Domum
674 1976 923 2016 Oblatarum
939 2003 951 2022 ‚
970 1977 1158 2026 affociatus
1175 1980 1219 2015 ab
1235 1977 1455 2014 Admodum
1470 1975 1568 2014 Rev.
1587 1979 1639 2015 D.
1655 1978 1804 2024 P.Sga-

475 2031 584 2079 rigua
600 2029 752 2078 Praepos
752 2039 787 2066 to
817 2030 910 2066 Ven.
932 2031 1218 2079 Congregationis
1245 2031 1469 2070 oratoriis
1485 2029 1647 2079 Philippi
1660 2030 1801 2071 Nerii,

455 2092 519 2120 ut
535 2082 601 2130 leg
608 2081 690 2119 itur
708 2081 747 2118 in
767 2079 867 2118 asiis
885 2081 1171 2121 Vifitationis.

421 2135 466 2173 In
483 2146 528 2172 ea
545 2142 683 2172 tamen
701 2132 950 2182 Vifitatione
975 2134 1172 2173 nonnulla
1197 2132 1365 2173 decreta
1393 2131 1525 2171 edidit
1553 2131 1802 2180 Episcopus,

473 2194 559 2225 tam
577 2183 870 2223 aeeonomicam
888 2183 1093 2224 Bonorum
1109 2185 1500 2225 administrationem
1515 2208 1529 2227 ‚
1557 2196 1675 2240 quain
1697 2183 1803 2221 insti-

477 2236 562 2276 tuti
578 2235 880 2274 observantiam
896 2247 1190 2275 concernenna
1205 2260 1218 2279 ‚
1249 2247 1420 2286 quorum
1437 2235 1518 2273 tria
1533 2236 1732 2291 praecipue
1749 2235 1802 2274 ad

475 2289 716 2340 praefentem
743 2288 1060 2335 controversiam
1088 2287 1295 2335 pertinere
1323 2286 1557 2324 videntur:
1587 2287 1800 2333 primum,

475 2341 584 2392 quod
613 2330 899 2379 Convit‘rric'es
931 2339 1144 2378 confilium
1171 2351 1193 2377 a
1214 2337 1349 2376 Laicis
1382 2349 1460 2375 non
1490 2348 1672 2387 quaerant
1692 2363 1705 2382 ‚
1726 2338 1800 2386 sed

472 2395 613 2444 quando
632 2393 846 2440 indigebunt
860 2391 996 2438 consilio
1013 2417 1026 2437 ‚
1041 2402 1107 2429 aut
1123 2391 1276 2435 auxilio,
1297 2390 1478 2437 recursum
1490 2391 1641 2428 habeant
1655 2393 1704 2428 ad
1716 2391 1797 2429 Or-

471 2448 671 2488 dinarium,
678 2444 747 2493 seu
761 2443 810 2480 ad
822 2445 868 2482 P.
875 2443 1114 2492 Vistatorem
1127 2469 1140 2488 ‚
1158 2446 1202 2487 &-
1215 2443 1410 2499 respeflive
1425 2443 1473 2478 ad
1485 2443 1640 2491 ipsarum
1653 2444 1795 2492 Syndi-

466 2510 551 2536 sos:
580 2494 811 2537 Secundum
829 2520 842 2541 ‚
872 2496 979 2545 quod
992 2496 1110 2534 Viros
1141 2507 1220 2534 non
1246 2493 1447 2541 recipiant
1465 2494 1568 2533 intra
1583 2493 1763 2533 Domum
1778 2518 1795 2539 ‚

461 2552 539 2601 sine
552 2552 698 2589 licentia
725 2551 764 2585 in
772 2548 922 2597 scriptis
934 2549 1131 2587 Ordinarii
1143 2574 1156 2592 ‚
1172 2558 1236 2585 aut
1254 2549 1300 2586 P.
1323 2546 1402 2594 Vs
1403 2550 1525 2583 tatorts
1541 2550 1614 2590 ξφα.
1633 2571 1646 2590 ‚
1675 2560 1696 2583 a
1719 2560 1792 2597 qua

471 2612 591 2641 tamen
600 2601 838 2651 prohibitione
852 2604 991 2657 excepit
1006 2601 1264 2649 Confeſjarium
1277 2599 1498 2636 ordinarium
1510 2622 1522 2641 ‚
1540 2599 1608 2647 seu
1624 2610 1791 2638 extraor-

472 2656 662 2692 dinarium
677 2647 923 2701 deputandum
943 2654 986 2690 ab
1001 2653 1181 2703 Episcopo.
1198 2653 1236 2692 Sc
1253 2649 1439 2693 tertium,
1454 2651 1561 2700 quod
1580 2658 1792 2701 nequeant

469 2705 795 2746 sacramentaliter
815 2705 990 2750 confiteri,
1004 2707 1082 2754 fine
1095 2705 1242 2743 licentia
1265 2703 1476 2745 ordinarii,
1494 2704 1721 2751 Confeffariis
1739 2703 1790 2741 ad

469 2758 627 2818 ipsarum
650 2757 798 2796 libitum
816 2779 831 2801 ‚
847 2757 918 2805 sed
942 2756 1021 2796 illis
1044 2782 1058 2804 ‚
1087 2759 1150 2807 qui
1171 2756 1321 2805 fuerint
1343 2754 1475 2803 etfilem
1506 2757 1786 2796 Conviclrt’cibus

1644 2810 1789 2858 affigunt—-
