1919 2964
34 213 131 262 Sess.
148 224 209 261 24.
235 223 313 265 cap.
326 228 339 254 ι
351 229 386 254 2,

34 268 83 304 -de
100 265 270 313 Reform.

507 215 714 255 RATEN.
749 215 993 255 INDULTI
1038 213 1305 257 ''JACANDI
1335 216 1375 256 A
1405 215 1612 257 CHORO
1645 244 1655 255 .
1700 216 1809 253 Inna»

521 273 657 306 centius
672 271 863 307 Bos-mmm·
882 269 1104 308 canonicus
1119 271 1338 318 theologus
1356 271 1533 309 ecclefiae
1565 267 1771 308 Pratensis
1788 290 1804 311 ‚

470 322 635 360 veniam
652 331 793 360 exorat
812 348 824 367 ‚
855 331 900 360 ut
918 322 984 361 fibi
1014 322 1173 360 infirmo
1191 323 1317 361 liceat
1361 324 1409 360 ab
1437 324 1608 362 ecclesia
1644 318 1772 360 abeffe
1790 342 1806 363 ‚

470 386 605 424 neque
624 373 762 412 omnia
782 376 1069 414 emolumenta
1085 375 1158 412 suae
1176 375 1391 422 praebenda:
1408 375 1579 413 amittat
1594 405 1603 414 .
1635 372 1808 423 Capitu-

468 426 558 464 lum
588 439 667 465 non
697 426 911 466 assentitur
925 453 938 472 ‚
974 428 1058 466 imo
1086 436 1288 477 repugnat
1316 426 1566 478 apertiffimc
1579 455 1590 466 .
1631 425 1694 466 De
1733 435 1813 464 ead

469 490 510 517 re
527 481 802 518 controversia
820 479 957 529 agitur
975 509 985 518 .

413 532 602 569 Bonamici
619 532 787 570 extollit
806 531 916 570 suam
936 531 1254 571 antecedentem
1272 532 1565 575 assiduitatem,
1579 542 1653 579 per
1666 530 1816 580 trigin-

467 593 510 622 ta
528 593 751 633 perpetuos
765 596 912 630 annos,
931 586 1028 624 dum
1047 584 1183 634 potuit
1202 599 1216 625 ‚·
1247 585 1313 623 sua
1333 585 1466 634 priora
1486 583 1592 623 fasta
1610 609 1623 630 ‚
1653 591 1700 621 ut
1718 584 1816 623 dili-

461 647 608 685 genter
626 649 750 676 omne
768 635 952 675 officium
974 664 986 683 ,
1018 637 1244 687 munusque
1262 638 1378 676 suum
1396 637 1594 686 impleret
1612 665 1622 675 .
1644 635 1697 674 Et
1712 646 1815 683 prae-

474 697 541 727 ter
568 691 652 728 haec
672 715 683 734 ‚
717 690 755 728 se
787 690 988 738 praecipua
1019 690 1189 739 pietatis
1223 692 1339 729 causa
1358 717 1370 736 ‚
1401 699 1528 741 atque
1556 698 1602 728 ut
1621 688 1812 737 Episcopi

468 741 648 790 imperio
666 750 828 790 pareret
842 765 856 785 ‚
884 754 1032 780 munus
1050 742 1383 792 poenitentiarii,
1402 744 1482 782 fine
1499 743 1584 780 ulla
1603 741 1818 787 mercede,

463 794 816 844 vigintiquinque
835 806 1034 833 annorum
1052 794 1185 843 spatio
1204 794 1454 834 exercuiffe:
1483 795 1580 834 sein
1599 795 1818 843 septuage-

463 847 563 885 fimo
581 845 757 884 secundo
775 857 878 884 anno
895 847 1028 886 <etatis
1047 847 1200 886 versari
1215 860 1319 887 nunc
1337 862 1351 888 ,-
1370 847 1577 886 laboribus
1613 845 1817 889 fractum-1

463 900 550 946 jam
563 924 575 943 ‚
591 898 785 947 senioque
801 898 1040 938 confestum
1061 924 1073 943 ‚
1090 900 1230 939 vexari
1247 899 1479 947 periculoso
1503 924 1516 944 ‚
1532 911 1578 938 ac
1600 898 1817 946 desperato

465 951 739 999 morbo‚quod
759 951 950 998 probatur
965 964 1011 991 ex
1029 953 1262 992 testimonio
1277 953 1626 997 medicorum,nec
1638 959 1815 1000 negatur

466 1006 514 1043 ab
530 1004 617 1052 ipsis
635 1003 712 1041 suis
730 1002 938 1056 sociis‚qui
956 1004 1273 1043 contradicunt:
1297 1014 1438 1045 cetera
1451 1004 1588 1044 omnia
1604 1011 1719 1043 certa
1733 1000 1815 1042 esse

463 1068 513 1095 cx
540 1055 703 1106 patenti
732 1054 839 1094 fat‘lo
869 1082 881 1102 ,
922 1058 960 1096 Sc
994 1069 1040 1096 ex
1064 1057 1149 1106 ipso
1168 1057 1358 1107 Episcopi
1382 1056 1618 1097 testimonio
1645 1082 1659 1103 ‚
1707 1054 1819 1105 quod

464 1110 698 1158 cuicunque
711 1109 925 1148 contrariae
943 1108 1147 1149 assertioni
1163 1111 1215 1149 est
1228 1110 1521 1158 praeferendum
1535 1141 1545 1150 .

414 1162 548 1208 Addit
565 1161 661 1200 satis
680 1161 878 1209 superque
895 1174 943 1200 ea
959 1161 1036 1201 effe
1052 1187 1064 1207 ‚
1082 1170 1127 1200 ut
1145 1162 1342 1210 postulata
1360 1163 1523 1202 vacatio
1539 1162 1811 1203 concedaturs

465 1226 600 1265 neque
617 1224 707 1261 pars
723 1212 904 1258 ulla‚fibi
923 1222 1079 1263 aegroto
1098 1214 1218 1261 plane
1235 1213 1390 1259 debita,
1408 1214 1659 1261 expomnibus
1675 1240 1687 1258 ‚
1707 1226 1809 1265 quos

467 1276 590 1307 antea
606 1265 747 1304 habuit
767 1291 781 1310 ‚
795 1266 994 1305 reditibus
1012 1264 1220 1305 auferatur
1235 1297 1245 1305 .
1278 1266 1395 1307 Hanc
1422 1276 1626 1317 perpetuo
1657 1265 1808 1306 fuilsm

469 1320 508 1358 S.
525 1317 868 1367 congregationis
902 1318 1150 1357 sententiam
1170 1345 1182 1363 ‚
1216 1320 1489 1358 humanitatis
1521 1319 1689 1370 quidem
1720 1320 1813 1368 ple-

466 1371 700 1414 nisfimam‚
729 1382 816 1419 quae
842 1370 1094 1408 infirmorum
1110 1370 1292 1409 miserias
1317 1384 1395 1411 non
1423 1370 1589 1410 adauxit
1608 1395 1620 1415 ‚
1653 1370 1814 1421 iisque)

456 1436 543 1473 pro
572 1422 808 1473 Apostolica
841 1422 1100 1475 indulgentia
1117 1448 1129 1470 ,
1163 1434 1208 1462 ac
1239 1423 1497 1475 benignitate
1522 1422 1731 1474 opitulata
1766 1424 1823 1464 est

472 1477 632 1526 semper
649 1506 659 1515 .

420 1528 579 1568 Cuncta
596 1530 813 1577 impugnat
829 1529 1074 1577 capitulum.
1090 1529 1227 1569 Primo
1245 1530 1356 1570 enim
1371 1530 1433 1570 ait
1449 1536 1638 1569 veterem
1656 1528 1814 1569 §.Cou-

473 1581 724 1633 gregationis
743 1581 856 1619 usum
874 1580 951 1621 effe
967 1608 981 1626 ,
1012 1590 1057 1620 ut
1075 1595 1153 1621 non
1171 1583 1295 1621 aliter
1310 1582 1575 1621 vacationem
1590 1582 1813 1629 concedat,

475 1636 547 1674 nisi
573 1635 655 1683 post
670 1633 850 1672 ecclefiae
869 1634 1086 1673 servitium
1101 1638 1299 1673 annorum
1317 1634 1586 1685 quadraginta
1600 1661 1615 1680 ,
1632 1635 1671 1674 ὃς
1686 1635 1818 1681 ultra,

474 1700 521 1727 ac
541 1687 645 1725 illud
664 1685 928 1726 laudabiliter
945 1688 983 1726 ὃς
1001 1686 1150 1725 affidue
1169 1686 1388 1734 praestitum
1403 1698 1412 1723 :
1427 1695 1590 1725 certum
1609 1686 1651 1724 id
1668 1685 1747 1726 effe
1763 1698 1815 1725 ex

474 1738 703 1779 innumeris
732 1738 860 1776 Sacrae
889 1737 1235 1788 Congregatiouis
1265 1737 1536 1787 resolutionibus
1553 1761 1568 1782 ,
1611 1749 1695 1788 qua:
1725 1738 1817 1778 cui-

477 1804 555 1841 que
573 1798 718 1840 patent
737 1818 748 1828 .

422 1842 662 1895 Utrumque
680 1854 778 1880 vero
792 1841 993 1881 existimat
1005 1840 1137 1881 deesse
1156 1841 1374 1885 Bonamicio,
1390 1841 1428 1880 ἒς
1445 1841 1817 1892 quadragenarium

476 1896 676 1945 temporis
692 1895 870 1942 spatium
888 1918 900 1937 ,
929 1893 1199 1933 &servitium
1223 1891 1428 1931 laudabile
1450 1921 1460 1931 .
1493 1892 1658 1943 Infignis
1691 1906 1815 1934 eum...

474 1949 670 1999 praedicat
702 1945 818 1985 fuiffe
849 1946 1113 1995 negligentiae
1144 1944 1363 1994 praeteritis
1395 1943 1508 1984 anniS
1537 1946 1782 1986 canonicum
1796 1960 1817 1988 2·

474 2002 545 2041 sua
560 2001 697 2042 munia
716 2008 760 2038 ut
779 1998 1183 2048 impleret-‚coactum
1203 1997 1493 2036 tantummodo
1511 1997 1664 2038 minaci
1679 2001 1822 2038 aucto-

476 2056 606 2093 ritate
623 2051 806 2101 episcopi
823 2066 833 2091 ς
861 2059 1000 2091 extare
1019 2051 1071 2090 de
1091 2063 1137 2089 ea
1153 2063 1197 2089 re
1212 2050 1372 2098 publica
1406 2059 1705 2090 monumenta:
1734 2051 1822 2091 suas

476 2106 750 2156 indiligentiae
765 2103 975 2154 saepiffime
993 2100 1150 2142 subiisse
1168 2086 1329 2159 poeinass·
1343 2101 1500 2151 probari
1517 2102 1558 2141 id
1578 2114 1624 2141 ex
1641 2103 1820 2152 publicis

476 2159 652 2204 capituli
673 2158 785 2197 libris
804 2181 818 2202 ,
836 2158 873 2197 3(
891 2168 939 2196 ex
958 2155 1170 2196 communi
1187 2166 1480 2194 canonicorum
1508 2154 1782 2197 affirmatione
1795 2179 1818 2203 5

481 2225 566 2262 quae
583 2212 704 2250 datur
723 2240 733 2250 .

426 2260 542 2303 Hinc
561 2288 575 2305 ‚
592 2263 650 2302 ait
669 2289 681 2307 ,
699 2262 851 2301 nullius
871 2262 990 2300 illum
1012 2259 1089 2300 esse
1109 2260 1375 2310 indulgentiae
1392 2259 1587 2310 dignum:
1618 2260 1713 2299 hinc
1725 2260 1818 2306 jure

480 2315 617 2356 facere
634 2315 881 2363 capitulum,
907 2313 1014 2364 Quod
1031 2313 1309 2358 contradicat,
1336 2322 1379 2352 ut
1398 2314 1577 2353 ecclefiae
1597 2313 1689 2359 jura
1704 2322 1816 2352 com-

482 2368 623 2410 munia
651 2375 849 2407 tueaturs
875 2379 951 2405 nec
978 2375 1094 2405 certe
1113 2365 1282 2415 iniquo,
1315 2365 1501 2405 &omnis
1538 2363 1814 2405 humanitatis

483 2420 643 2470 experti
673 2420 811 2459 auimo
826 2445 840 2465 ,
862 2420 942 2470 five
969 2419 1197 2468 instigatione
1211 2419 1460 2456 nonnullorum
1473 2444 1486 2464 ,
1516 2420 1578 2468 qui
1590 2420 1748 2468 privatis
1768 2416 1819 2453 de

484 2475 596 2522 causis
613 2497 627 2518 ‚
645 2472 834 2523 &spiritu
854 2472 1128 2510 contradicendi
1136 2471 1180 2519 se
1197 2479 1373 2520 opponant
1389 2497 1401 2516 ,
1432 2479 1479 2511 ut
1494 2496 1508 2516 ‚
1540 2483 1583 2510 re
1601 2481 1681 2509 non
1709 2470 1816 2508 bene

483 2525 650 2576 cognita
669 2551 682 2570 ,
708 2524 819 2564 fatur
850 2525 1087 2574 episcopus,
1120 2523 1236 2563 cuius
1254 2523 1444 2564 Vicarius
1475 2522 1677 2574 generalis
1708 2531 1810 2561 cond

483 2579 727 2628 sanguineus
743 2577 957 2618 Bonamici
973 2579 1026 2618 est
1038 2607 1049 2616 .
1770 2623 1780 2630 ·

432 2628 657 2680 Episcopus
680 2640 796 2670 certe
826 2631 944 2671 enixe
972 2628 1159 2669 canonici
1192 2629 1439 2678 petitionem
1469 2627 1543 2666 suo
1572 2626 1810 2666 testimonio

487 2680 658 2727 adjuvat
671 2697 686 2724 ,-
703 2683 965 2734 diligentiam
983 2709 995 2730 ,
1024 2695 1069 2722 ac
1087 2695 1221 2723 mores
1236 2680 1445 2722 collaudat
1465 2691 1476 2717 ε
1506 2680 1644 2718 Orator
1657 2680 1698 2716 in
1711 2685 1815 2717 atate

489 2747 663 2776 annorum
697 2737 878 2784 duorum,
905 2739 949 2784 ὠ*
970 2736 1206 2787 septuaginta
1233 2735 1439 2786 constitutus
1461 2732 1582 2784 spatio
1608 2740 1810 2820 annom?

1756 2792 1813 2821 ηὕ-
