1889 2959
1320 140 1365 175 81

101 190 196 240 cotso
211 189 308 228 della
323 198 457 238 povera
467 202 575 240 gente
587 216 600 235 ‚
626 191 661 229 la
675 189 780 241 quale
793 190 886 228 nelle
901 189 1066 228 mah-zeti&
1086 191 1151 238 pia
1171 188 1266 227 delle
1279 189 1410 228 volte)

101 257 167 282 non
195 246 240 281 ha
259 245 316 280 clu·
326 243 359 280 le
375 247 467 287 cmi,
479 253 545 293 per
558 259 624 282 non
636 254 736 294 poter
745 253 878 292 pagare
893 243 923 280 il
934 243 1142 293 prosefflre.

47 295 147 334 Suas
163 307 300 345 preces
319 305 388 341 pro
403 297 574 334 cumulo
591 297 705 336 addit
722 296 904 343 publicus
921 297 1171 344 mag1stratus
1188 319 1200 339 ‚
1229 305 1274 332 ac
1289 305 1417 344 popu-

95 349 156 387 lus
173 359 182 385 :
218 348 468 397 esercitandost
482 347 547 384 dal
549 349 687 397 sacerd
707 359 742 385 te
758 348 988 397 Evangelist'a
1017 348 1052 384 la
1065 348 1263 397 profeffione
1288 348 1329 384 di
1345 361 1416 384 me-

96 402 222 438 dt'cina
245 413 307 438 con
320 399 486 450 applauso
511 401 572 437 del
580 403 724 451 publico
739 427 750 446 ‚
775 415 793 437 e
799 400 955 448 sollievo
970 400 1178 448 universale
1205 396 1303 436 delle
1328 409 1414 449 per-

87 452 176 503 sone
195 478 208 497 ‚
237 467 255 490 e
266 451 440 501 fameglie
457 454 498 488 de·
509 455 566 501 effi
577 455 798 502 supplicanti
814 477 826 496 ‚
857 454 1131 501 maggiormente
1159 453 1343 501 de’poveri
1355 477 1368 496 ,
1397 464 1416 489 e

100 507 315 544 communita
329 505 495 555 religiqse
511 531 523 549 ‚
553 519 596 543 ne
613 507 850 554 rgsulcarebbe
869 507 985 542 donno
1004 505 1160 542 nomme
1172 515 1303 552 quante
1317 504 1414 542 volte

94 558 246 607 cessasse
271 567 338 606 per
353 557 559 595 l'avvenire
574 571 595 594 a
611 563 743 595 motivo
760 560 826 595 hen
840 559 950 593 anche
980 556 1079 593 della
1090 561 1243 605 penuria
1267 558 1311 594 de
1338 569 1413 594 me·

95 611 172 647 dici
186 636 198 655 ,
225 611 288 648 che
300 609 536 646 attualmente
554 609 588 658 st
593 609 705 658 soffre
717 614 756 646 in
771 623 842 646 una
860 611 951 646 citui
983 610 1120 646 obirata
1135 611 1182 646 da
1197 623 1338 658 4000„
1361 624 1414 646 e.)

88 665 155 712 pia
182 666 298 699 anime
316 687 328 706 ‚
360 661 450 699 olere
479 661 540 698 del
568 663 684 711 cafizle
708 664 747 698 di
774 663 1002 709 Pignarfzra‚
1034 676 1051 698 e
1068 662 1176 698 caira
1193 687 1205 706 ,
1239 661 1331 699 edel
1345 673 1416 697 nu-

93 728 188 752 mero
206 715 345 763 grande
375 713 628 763 de'f'orastieri
644 716 801 752 ubitam}
816 713 912 751 nella
925 723 1117 763 campagna
1137 723 1202 762 per
1217 714 1255 753 Ia
1270 715 1414 754 cultura

93 767 155 805 de’
177 769 316 814 campi.

41 818 299 860 Medicinam
315 829 468 867 „egroto
482 816 619 858 facere
636 819 776 866 suapte
794 827 938 856 natura
970 818 1078 856 inter
1093 829 1214 865 opera
1244 819 1414 868 pietatis

95 871 176 911 est5
206 871 340 908 multo
356 870 486 919 magis
514 872 642 909 fisolo
662 869 857 909 'caritatis
893 869 1075 908 instim‘tu
1093 896 1105 915 ,
1134 870 1267 910 &fine
1298 874 1415 911 ulla,

93 923 288 962 mercede
305 947 317 967 ‚
351 921 461 968 inopi
477 947 489 965 ‚
517 924 555 962 δε
573 923 719 962 misero
735 921 931 960 auxilium
962 921 1115 962 feratur
1130 952 1138 962 .
1158 922 1414 965 Medicinam

95 985 232 1015 artem
259 986 451 1013 exercere
479 976 641 1015 clericis
657 974 872 1014 rectiffime-
899 987 1072 1014 canones
1091 976 1413 1023 prohibuerunts

94 1037 186 1067 tum
223 1039 273 1066 ne
291 1034 537 1066 convertant
566 1027 749 1066 animum
776 1026 823 1065 ad
857 1036 1044 1066 extranea
1068 1027 1193 1065 studia
1209 1051 1222 1070 ,
1255 1028 1313 1074 ii,
1342 1030 1410 1080 qui

88 1081 241 1119 habere
255 1081 386 1116 debent
426 1082 464 1114 in
493 1082 652 1118 manibus
692 1089 755 1128 pro
790 1078 920 1127 solatio
952 1079 1092 1126 sanfios
1131 1080 1238 1117 libros
1268 1106 1281 1125 ‚
1320 1090 1410 1120 tum

88 1132 184 1183 quia
216 1129 459 1170 exercitatio
499 1134 616 1178 hujus
647 1131 750 1169 artis
782 1156 794 1174 ‚
831 1130 934 1168 licet
966 1131 1144 1169 liberalis
1179 1155 1193 1173 ,
1223 1131 1261 1171 ss.
1285 1134 1334 1172 ad
1351 1135 1412 1172 sa-

86 1185 225 1224 lutem
241 1181 410 1221 humani
425 1184 585 1231 generis
601 1182 884 1226 accomodata,
898 1181 1063 1229 profana
1081 1184 1133 1221 est
1147 1183 1281 1222 subito
1293 1210 1305 1228 ‚
1319 1185 1346 1223 fi
1367 1194 1414 1226 ut

87 1235 220 1280 solet,
249 1232 442 1273 mercede
461 1236 597 1286 agitur
613 1249 627 1276 ,-
656 1243 744 1273 tum
765 1234 856 1284 quia
874 1234 1051 1283 periculi
1067 1236 1118 1273 est
1137 1235 1414 1283 pleniffimum

83 1298 188 1336 opus
205 1294 394 1326 naturam
411 1289 654 1328 mortalium
671 1286 882 1324 hominum
900 1286 1039 1325 oculos
1073 1285 1301 1336 fugientem
1320 1302 1413 1338 per·-

85 1338 229 1390 sequi,
254 1347 300 1376 ut
316 1337 470 1378 medici
501 1349 703 1388 coguntur
731 1337 872 1378 facere
890 1364 902 1383 ‚
929 1339 1195 1388 quamobrem
1226 1350 1303 1378 non
1322 1353 1411 1381 raro

84 1403 161 1441 pro
175 1389 342 1429 salutari
369 1390 590 1438 pharmaco
615 1398 782 1440 paratur
811 1401 1015 1429 venenum
1047 1420 1056 1428 .
1097 1389 1207 1428 Hinc
1233 1392 1413 1432 medici·

86 1454 181 1482 nam
208 1469 221 1488 ,
248 1442 287 1481 Sc
314 1453 521 1483 venenum
548 1444 588 1481 in
619 1441 850 1491 promiscuo
876 1441 1073 1480 vocabula
1102 1441 1324 1491 aliquando
1340 1457 1409 1484 ve-

82 1504 196 1535 teres
224 1495 454 1535 habuerunt
481 1525 493 1536 .
534 1498 626 1534 Non
655 1495 703 1542 est
744 1497 782 1531 in
812 1495 952 1532 medico.
962 1494 1106 1543 semper
1133 1492 1319 1534 relevetur
1358 1507 1403 1535 ut

85 1561 180 1597 eger
193 1576 204 1587 .

30 1599 177 1649 Justius
194 1611 294 1640 vero
323 1609 412 1637 eam
438 1599 655 1640 medicinae
681 1605 837 1646 partem
865 1605 1057 1636 vetarunt
1084 1601 1288 1644 canones',
1317 1613 1405 1651 quae

84 1651 256 1696 ustione,
271 1650 467 1696 sectione,
481 1665 525 1691 ac
542 1660 631 1690 tota
648 1649 829 1688 manibus
848 1649 1146 1688 administratur
1158 1664 1173 1691 ,·
1201 1660 1324 1702 atquc
1342 1652 1407 1691 id-

83 1704 197 1743 circo
219 1703 434 1757 chirurgiae
450 1717 598 1746 nomen
616 1702 761 1744 sortita
779 1703 830 1746 cst
843 1732 856 1746 2
877 1703 934 1744 Ea
948 1701 1122 1745 clericos
1151 1704 1405 1744 omninode·-

88 1756 236 1796 decet.

26 1808 191 1853 ¹Verum
205 1807 435 1855 enimvero,
451 1810 692 1851 neceffitate
707 1817 895 1859 urgente,
912 1809 1123 1848 {adustum
1140 1809 1193 1848 est
1207 1810 1404 1860 aequitate

81 1861 279 1900 canonica
294 1885 307 1904 ³
337 1862 444 1912 quod
459 1863 676 1912 aliquando
694 1861 955 1911 indulgeatur
972 1888 984 1908 ,
1004 1870 1050 1899 ut
1062 1861 1210 1900 clerici
1223 1873 1404 1911 priorem

79 1912 300 1965 medicinae
325 1923 485 1960 partem
514 1921 757 1953 exerceant-3
784 1925 830 1952 ex
849 1914 1016 1960 penuria
1032 1912 1192 1952 scilicet
1224 1914 1408 1954 medico-

82 1975 174 2004 tum
189 1988 203 2007 ,
229 1965 268 2003 &
283 1965 440 2010 adjeeca
455 1964 705 2013 potiffimum
717 1963 974 2010 conditione,
993 1977 1042 2004 ne
1054 1963 1209 2013 aliquid
1233 1973 1374 2015 petant
1393 1988 1410 2008 ‚

77 2015 166 2054 imo
182 2026 470 2066 nonnunquam
489 2042 502 2061 ‚
536 2026 582 2055 ut
597 2029 672 2055 nec
689 2041 702 2060 ‚
733 2016 861 2056 etiam
875 2029 898 2055 a
915 2018 1057 2066 spon-te
1072 2016 1263 2056 dantibus
1281 2043 1295 2063 ‚
1327 2016 1407 2056 ali·

81 2067 180 2119 quid
209 2068 412 2108 mercedis
441 2069 645 2117 accipiant
661 2098 671 2108 .

25 2114 267 2167 Nidendum
295 2132 392 2159 num
420 2134 475 2160 eze
503 2119 816 2160 circumstantia:
842 2119 879 2158 in
897 2120 989 2158 casu
1008 2128 1285 2167 proponantur
1313 2143 1328 2164 ,
1356 2127 1406 2159 ut

78 2173 165 2219 jam
177 2180 300 2212 antea
331 2173 475 2211 datum
494 2173 760 2223 privil-'egium
786 2180 1025 2221 prorogetur
1040 2195 1054 2214 ‚
1080 2171 1117 2210 Sc
1135 2172 1301 2222 quidem
1331 2183 1405 2219 pro

78 2224 257 2273 longiori
286 2234 474 2274 tempore
492 2250 504 2270 ,
538 2234 582 2264 ut
596 2225 758 2274 petitur
772 2249 785 2270 ,
815 2235 867 2263 ne
881 2222 1098 2275 quotannis
1127 2226 1210 2262 haec
1242 2224 1404 2277 quaestio

82 2287 178 2315 cum
195 2276 369 2317 medicis
385 2278 530 2317 redeat
545 2307 554 2316 .

28 2327 260 2379 Evangelista
287 2328 420 2368 adhuc
445 2331 514 2368 suo
528 2329 685 2375 muneri
702 2327 741 2367 in
757 2327 925 2368 ecclesia
954 2340 1032 2367 non
1051 2325 1185 2367 defuit
1206 2354 1219 2374 ‚
1244 2328 1295 2368 de
1326 2341 1407 2379 quo

83 2380 297 2420 hiculcnta
311 2381 543 2420 testimonia
557 2382 706 2419 dantur
722 2410 731 2420 .

27 2428 262 2474 Plurimum
275 2442 389 2472 certe
409 2432 620 2472 videretur
638 2431 900 2482 facere‚quod
918 2432 1102 2473 medicus
1119 2432 1279 2481 publica
1297 2443 1405 2470 mer—

83 2481 184 2524 cede
202 2485 424 2524 conduftus
441 2485 480 2523 in
498 2485 589 2523 loco
607 2492 684 2523 non
701 2486 747 2523 fit
765 2509 778 2529 ‚
796 2484 864 2534 qui
880 2495 1076 2531 pauperes
1094 2492 1211 2523 curet
1225 2497 1239 2524 2·
1259 2484 1285 2521 ii
1303 2495 1402 2523 vero

79 2535 163 2575 fine
179 2535 263 2575 ulla
277 2537 375 2586 stipe
394 2563 406 2582 ‚
425 2548 498 2588 qua
517 2547 657 2576 carent
675 2549 753 2574 non
772 2547 863 2573 raro
879 2561 892 2579 ‚
908 2546 1093 2583 paratum
1111 2548 1269 2588 quaqua
1285 2537 1400 2582 hora,

85 2585 301 2626 medicum
315 2589 440 2630 facile
457 2603 533 2628 non
552 2588 763 2629 invenient
776 2617 785 2626 .
829 2586 992 2626 Petitur

36 2637 165 2689 {Anfit
179 2638 393 2680 locusmvae
407 2646 646 2694 prorogatiom'
659 2641 796 2680 indulti
810 2664 822 2685 ‚
837 2641 879 2677 in
894 2640 976 2689 casu
993 2644 1068 2687 &a

196 2744 482 2785 Tom.XXX111.
836 2743 870 2783 L
1316 2742 1409 2783 As-
