1889 2959
9 199 14 204 -
1341 182 1399 209 υ·

54 222 378 273 Archidiacotzalis
391 245 404 265 ‚
425 235 471 270 qu
484 234 540 260 am
554 222 766 271 praediffum
785 224 990 272 Capitulum
995 223 1139 273 semper
1152 226 1189 260 in
1202 223 1294 260 dim
1307 225 1394 261 Ho-

41 276 175 328 spitali
190 278 340 318 habuit,
370 276 414 317 &⁶
441 275 572 331 ‘delqi'te
603 278 795 315 exercuit2·
828 284 872 314 ut
889 276 1042 326 legitur
1074 277 1112 314 in
1129 276 1274 315 cedula
1287 276 1393 321 ejus·-

52 331 148 371 dem
162 328 472 384 Appellationis
491 340 498 364 :
524 328 629 365 anno
658 333 781 370 1631.
809 328 1017 377 prohibuit
1041 328 1317 372 Monialibus‚
1344 340 1394 368 ne

51 384 226 425 sinerent
240 381 314 420 sea
330 381 501 419 vicario
519 379 715 427 mazelino
733 380 917 420 visitari:
947 379 1238 420 Procuratores
1267 380 1396 429 depu-

50 434 160 474 tavit
177 445 283 472 anno
304 436 418 480 1634.
437 430 486 470 ad
505 432 701 471 tuendam
732 432 773 471 in
788 432 912 473 Curia
934 432 1163 483 Episcopali
1179 431 1395 472 leodiensi

52 487 164 526 suam
178 484 510 540 Jurisdiffionem
529 509 541 528 ‚
559 484 708 536 suaque
727 484 823 536 Jura
846 485 962 540 super
980 485 1196 534 Hospitale
1214 496 1225 522 :
1255 485 1293 525 ὃς
1319 483 1395 522 Ca·-

49 538 247 590 pitularis
265 538 511 577 deliberano
525 544 643 584 capta
663 535 746 575 fuit
763 536 913 577 eodem
929 550 1034 577 anno
1051 549 1123 586 pro
1135 535 1397 577 reformatio-

49 593 169 633 nibus
186 589 285 629 disti
304 587 534 646 Hospitalis
551 589 772 628 statuendis
790 618 800 628 .
820 589 1065 629 Visitatores
1082 589 1243 638 insuper
1263 588 1398 638 elegit

53 643 428 698 Capitulumtannis
452 646 577 687 1706,
610 645 738 687 1716,
758 642 797 682 Sc
819 655 921 689 ¹739
937 668 950 688 ,
979 642 1232 692 generaliter
1249 650 1392 680 tamen

51 709 128 747 pro
149 694 338 734 Ecclefiis
352 693 419 731 fibi
436 693 621 738 subjeffls
637 707 651 733 ,-
676 695 714 734 &
732 706 837 734 anuo
859 708 974 743 1740.
1011 695 1032 734 εὶ
1059 693 1243 743 Capituli
1273 693 1400 741 depu-

49 749 153 790 tatis
172 759 248 786 una
264 759 357 784 cum
374 745 541 803 Decano
561 746 735 796 Requile
752 746 914 787 visitata
927 747 1009 787 fuit
1022 755 1185 786 tantum
1203 745 1400 789 Ecclefia,

56 813 106 842 ac
124 799 261 856 rursus⁴
275 799 296 838 ὲ,
313 798 498 846 Capituli
517 797 740 848 Deputatis
758 800 838 840 fine
857 799 1095 840 interventu
1114 797 1273 838 Decani
1305 796 1400 835 vifi-

53 862 193 894 tatum
205 850 285 890 fu1t
304 850 522 900 Hospitale
542 863 647 890 auno
679 865 791 901 1749.
807 865 822 892 5
851 852 1037 892 Priorem
1066 851 1195 892 etiam
1224 850 1402 890 eodem,

56 919 161 947 anno
181 903 421 952 Capitulum
440 903 599 943 amovit
616 929 628 949 ‚
660 916 896 957 novumque
922 904 1078 956 elegit:
1105 905 1143 944 ἃ
1159 902 1403 943 transacqio-

55 970 154 1000 nem
172 969 266 997 cum
284 955 451 995 Decano
472 956 646 1006 Requile
677 956 830 1002 inivit,
859 957 899 997 in
928 971 1007 1009 qua
1034 965 1287 997 conventum
1315 952 1402 992 fuit

55 1024 129 1064 per
151 1010 282 1050 solum
298 1008 510 1047 Decanum
528 1007 789 1049 suboriendas
803 1009 1053 1050 Monialium
1068 1009 1181 1055 lites,
1198 1010 1236 1048 St
1253 1007 1405 1046 discor·-

56 1065 145 1104 dias
164 1060 464 1110 componendas
478 1085 492 1106 ‚
525 1061 563 1100 ὃς
592 1060 843 1102 definiendas
875 1063 954 1103 effe
971 1088 983 1109 ‚
1014 1063 1126 1103 salvo
1160 1060 1323 1101 recursu
1352 1056 1403 1098 ad

57 1115 301 1166 Capitulum
320 1142 329 1152 .

5 1169 215 1227 Qiocirczi
235 1166 443 1216 disputant
460 1190 473 1211 ‚
501 1162 832 1215 Jurisdifflonem
851 1165 1040 1207 visitandi
1057 1167 1242 1212 Decano,
1267 1164 1305 1205 8(
1321 1162 1404 1202 Ca-

61 1221 197 1275 pitulo
213 1226 522 1275 competentem
541 1243 553 1263 ,
581 1218 778 1265 Statuto,
809 1220 846 1260 8<
876 1220 1131 1259 observantia
1163 1217 1404 1267 comproba·-

59 1285 148 1316 tam
166 1298 180 1319 ‚
213 1284 294 1310 non
312 1269 482 1320 potuisse
514 1272 536 1309 ὰ
554 1270 638 1309 solo
657 1271 828 1311 Decano
854 1271 1068 1318 exerceri,
1100 1270 1297 1312 inauditis
1327 1281 1403 1306 cae-

61 1325 166 1369 teris
185 1323 402 1364 Canonicis
424 1348 437 1368 ,
465 1325 515 1360 ad
528 1324 679 1361 Textum
693 1328 732 1362 in
751 1326 961 1374 cap.Novit
977 1326 1023 1362 de
1038 1327 1091 1363 his
1111 1351 1122 1371 ,
1155 1339 1231 1375 quae
1248 1323 1351 1371 fiunt
1378 1332 1403 1357 a

63 1378 299 1434 Praelatfinf
312 1376 478 1432 confer-lfa
497 1377 613 1425 Capit.
631 1388 640 1413 t
661 1377 875 1429 minusque
893 1376 931 1417 ei
950 1377 1106 1416 licuisse
1122 1376 1399 1415 Convifitato-

60 1444 125 1473 res
154 1441 317 1479 proprio
345 1429 545 1466 arbitratu
571 1426 800 1474 assumere,
830 1442 925 1467 cum
956 1428 1172 1468 inferiores
1203 1427 1400 1467 Praelatos

60 1495 135 1535 per
153 1483 191 1522 se
209 1481 310 1529 ipsos
324 1488 489 1518 tantum
506 1479 935 1529 vifitare,permitttat
949 1476 1403 1519 S.Concil.Tridentin.

53 1537 341 1588 sess.24.cap.35
359 1533 402 1568 de
419 1532 580 1577 Reform.
599 1561 609 1569 .
639 1532 781 1581 Atque
798 1532 892 1570 inde
908 1531 1128 1570 desumunt
1159 1530 1406 1570 nullitatem

65 1588 197 1629 etiam
214 1583 429 1625 electionis
464 1582 737 1632 Superioriffae
754 1608 766 1628 ‚
795 1584 845 1621 ob
874 1582 1081 1623 defectum
1111 1579 1409 1633 jurisdictionis

63 1638 225 1680 Decani
240 1663 252 1682 ,
282 1635 350 1692 qui
371 1635 506 1674 eidem
522 1633 685 1683 praefuit
705 1635 901 1675 elet‘tioni
919 1662 932 1681 ‚
957 1648 1053 1674 cum
1081 1635 1160 1674 suis
1180 1633 1308 1675 Sociis
1327 1645 1337 1671 :
1368 1632 1407 1671 Sc

67 1694 119 1732 ob
131 1691 468 1742 protestationem
483 1688 504 1726 ὲ
520 1687 776 1726 Monialibus
790 1688 1097 1728 recurrentibus
1112 1686 1296 1728 emissam
1313 1710 1327 1732 ‚
1356 1697 1408 1723 ne

65 1744 185 1785 fieret
200 1740 351 1783 electio
381 1739 728 1797 cum-interventu
744 1740 902 1780 Decani
921 1766 933 1786 ‚
964 1743 1003 1781 δε
1016 1740 1230 1779 Sociorum
1247 1764 1260 1784 ‚
1288 1746 1412 1777 autu·-

66 1805 228 1838 mantes
256 1792 488 1840 hujusmodi
504 1792 842 1841 protestationem
872 1793 1003 1840 sperni
1034 1805 1112 1831 non
1130 1788 1333 1842 potuisse,
1359 1787 1409 1828 ad

68 1849 224 1890 tradita
239 1859 310 1895 per
327 1845 489 1890 Gonzal.
507 1849 544 1882 in
565 1854 639 1894 cap.
656 1847 744 1884 Cum
759 1846 844 1883 olim
854 1851 932 1885 n.8.
952 1846 1075 1896 &seq.
1088 1847 1134 1882 de
1149 1845 1249 1883 εἱεέἷ.
1270 1870 1281 1888 ,
1310 1854 1409 1891 prae-

69 1902 215 1942 sertim
232 1911 328 1939 cum
355 1897 395 1936 in
428 1896 521 1937 aliis
541 1897 810 1937 eleffionibus
841 1899 933 1948 ipsae
961 1898 1168 1937 Moniales
1196 1891 1407 1936 vocassent

72 1955 332 1994 scrutatores
345 1950 414 1989 fibi
427 1950 556 1999 magis
586 1959 776 1999 acceptos
794 1975 806 1995 ‚
839 1959 886 1990 ut
917 1949 1115 1995 referunt,¹
1133 1959 1217 1988 tres
1244 1946 1410 1988 Testes.

65 2007 123 2046 Et
141 2006 197 2044 nil
216 2005 405 2044 relevare
421 2002 652 2051 putant‚sex
670 2002 879 2043 Moniales
896 2002 1103 2042 adhaerere
1120 2001 1301 2040 Decanos
1315 1998 1410 2049 quia

67 2059 175 2098 licet
193 2057 274 2094 illae
292 2056 428 2103 plures
447 2055 522 2093 fint
541 2067 712 2095 numero
728 2082 741 2100 ‚
772 2068 853 2095 non
878 2063 1018 2093 tamen
1049 2053 1244 2092 videntur
1276 2050 1408 2089 sanio-

71 2122 161 2150 rem
179 2117 335 2156 partem
364 2105 637 2150 constituere,
662 2119 760 2145 cum
791 2107 1001 2153 negligant
1028 2109 1115 2149 jura
1142 2100 1409 2144 Monasterii,

71 2163 113 2205 &
128 2162 166 2200 in
185 2155 493 2207 Superiorissam
510 2156 716 2205 elegerint
735 2168 825 2195 eam
838 2181 851 2202 ‚
879 2168 965 2205 quae
984 2153 1121 2192 funeta
1148 2161 1237 2192 erat
1260 2151 1408 2190 eodem

76 2224 246 2254 munere
269 2212 307 2250 iu
325 2209 593 2249 antecedenti
611 2207 813 2247 Triennio
829 2232 843 2252 ‚
877 2206 986 2258 quod
1010 2205 1166 2245 etiamsi
1195 2201 1404 2252 expreffe.»

73 2264 329 2317 prohibitum
344 2262 428 2301 dici
447 2273 524 2299 non
542 2260 711 2299 deberet
741 2259 883 2309 vigore
915 2256 1227 2297 Constitutionis
1248 2255 1409 2304 Grego-

75 2318 196 2359 xianae
214 2343 226 2362 ,
257 2316 525 2365 incongruum
543 2313 689 2353 saltem
705 2312 871 2352 videtur
888 2337 900 2357 ‚
930 2312 968 2350 &
986 2309 1164 2360 regulari
1183 2308 1407 2356 disciplina:

77 2380 317 2420 repugnans,
336 2376 380 2406 ut
402 2374 550 2405 notant
564 2365 709 2415 Barbos.
728 2367 778 2402 ad
792 2364 1096 2423 Concf'tffrident.
1108 2362 1219 2411 sess.1
1231 2374 1264 2404 5.
1278 2369 1354 2409 cap.
1374 2372 1411 2406 7.

76 2423 123 2461 de
134 2421 263 2471 Regul.
281 2434 434 2463 numm,
456 2422 499 2463 ὠ·
514 2420 677 2459 Card.de
690 2418 830 2457 Luc.de
844 2415 1073 2465 Reguldtsc.
1084 2428 1154 2454 ιη.
1167 2426 1250 2461 142.
1266 2426 1279 2452 ,-
1299 2411 1410 2449 ideo-

71 2486 158 2527 sque
172 2471 368 2513 differunt
385 2472 584 2516 majorem
596 2471 770 2510 aliarum
789 2481 1006 2508 numerum
1025 2464 1332 2515 despiciendum
1352 2463 1414 2502 es-

83 2525 124 2565 se
140 2551 153 2570 ,
178 2526 244 2565 ubi
275 2526 438 2564 illarum
467 2522 583 2572 gestis
615 2522 826 2570 pauciores
854 2519 1002 2560 saniori
1035 2517 1205 2558 confilio
1236 2516 1410 2554 refistere

30 2598 35 2605 ·
83 2578 405 2624 comperiuntur,
425 2575 474 2614 ad
489 2574 643 2613 tradita
657 2587 727 2622 per
744 2572 951 2623 Fagnan.in
965 2573 1137 2621 cap.Cum
1156 2573 1196 2607 in
1215 2570 1347 2608 cunc‘iis
1362 2568 1408 2606 de

85 2629 159 2670 bis,
174 2630 349 2676 quaefiunt
377 2642 397 2666 a
415 2626 732 2679 major.part.cap.
1133 2624 1141 2628 ⁶

30 2714 31 2717 ,
138 2678 415 2727 Dignabuntur
431 2679 568 2730 itaque
587 2677 992 2719 EE.VV.decernere

33 2731 68 2773 1.
117 2732 187 2771 An
205 2732 346 2769 Dec-ano
360 2727 564 2781 Collegiatai
580 2731 743 2784 Ecclesiae
756 2732 802 2770 B.
818 2733 953 2768 Maria
967 2730 1076 2778 Virg.
1109 2728 1286 2776 Tungren.
1321 2738 1412 2763 com·-

129 2786 228 2824 Tom.
237 2785 394 2823 XXXII.
853 2782 892 2821 D
1305 2786 1410 2828 petat
