1919 2964
28 1695 150 1743 Sesr.2
160 1709 194 1734 2.
212 1701 331 1750 cap,6,

35 1753 80 1789 de
94 1747 258 1796 Reform,

424 144 594 243 Ali-{gat
613 196 734 233 nimis
755 200 879 232 tenue
900 192 1005 235 effe,
1039 203 1110 230 nec
1136 191 1222 229 ullo
1251 190 1403 237 modo,
1436 196 1543 245 quod
1576 198 1644 236 fibi
1666 210 1710 248 pr
1735 201 1833 240 aebe-

475 254 559 290 tur,
581 246 629 284 ad
646 246 776 285 vitam
791 243 1024 284 ducendam
1043 241 1231 282 sufficere
1249 243 1382 282 vidus
1401 247 1568 288 nomine
1589 250 1658 295 ,in
1678 266 1699 302 q
1719 265 1770 292 uo
1793 255 1833 295 ἃς

476 298 679 337 habitatio
700 324 712 343 ,
729 298 767 335 ἃ
784 298 911 337 vestes
925 324 938 341 ‚
970 304 1202 345 caeteraque
1228 295 1277 334 ad
1311 295 1537 337 vivendum
1567 303 1830 344 neceffaria)

476 349 631 394 dejure
651 350 919 389 continentur
938 379 946 388 .
977 347 1103 397 Qiod
1135 349 1264 393 major
1297 346 1480 396 impensa
1507 355 1826 403 requireretur,

478 400 558 439 siin
577 403 717 453 aliquo
744 402 862 442 Urbis
877 400 1059 451 collegio
1095 400 1290 449 degeret.
1321 399 1442 439 Nihil
1477 403 1546 442 fibi
1576 405 1824 454 sperandum

478 465 524 492 ex
543 456 661 495 censu
680 455 847 494 familiae
867 453 1010 493 multis
1030 452 1221 491 oneribus
1239 476 1251 495 ‚
1266 464 1312 491 ae
1331 452 1428 494 filiis
1442 457 1610 496 onustat.

422 502 556 544 Addit
577 533 590 552 ,
620 508 727 558 quod
746 508 927 557 petitum
950 515 1218 562 augmentum
1236 505 1420 552 proxime
1441 507 1490 545 ad
1504 510 1715 551 testatoris
1749 526 1823 553 vo·

477 558 689 600 luntatem
705 560 871 600 accedit
886 585 900 604 ‚
929 559 1000 610 qui
1035 557 1191 606 sci-ipsit
1217 560 1272 594 ·in
1285 558 1363 606 caso
1381 583 1394 603 2
1423 561 1561 609 cheper
1575 576 1817 608 mancanzm

475 611 705 662 de'soggetti
722 613 890 651 dell'una
904 638 920 657 ‚
947 627 966 650 e
982 611 1110 649 l’altra
1127 610 1224 650 linea
1238 610 1388 658 doveſse
1401 611 1513 661 rcstar
1533 625 1688 655 vacante
1717 620 1820 660 detta

471 665 667 712 prelatura
680 694 693 712 ‚
712 667 827 705 allora
842 667 988 704 intendo
1006 690 1018 710 ,
1045 665 1110 702 che
1113 663 1226 711 feudi
1243 676 1334 707 200,
1352 669 1467 703 annui
1471 666 1506 714 st
1520 668 1671 706 abbiano
1686 671 1739 706 ad
1750 673 1817 707 ἐφη,

470 719 618 766 piegare
629 729 695 770 per
709 719 740 756 il
753 723 1030 758 mantenimento
1055 715 1281 763 delgiovane
1299 739 1312 759 ‚
1331 718 1395 754 che
1412 717 1575 766 qspirera*
1592 735 1613 758 a
1625 722 1731 760 detta
1736 731 1820 771 pre-

476 770 599 809 latura
615 796 628 815 ‚
652 774 792 822 affines?
804 773 903 820 possa
917 771 1101 820 applicare
1118 766 1296 824 allffsttcdj
1310 796 1321 806 .
1351 768 1463 807 Hinc
1494 770 1596 811 nihil
1627 774 1668 812 se
1686 774 1818 822 postu-

474 822 560 862 lare
577 834 726 873 praeter
741 823 946 863 testatoris
964 821 1079 870 ipfius
1092 819 1296 877 judieium
1313 848 1325 861 ,
1340 820 1453 860 Hinc
1469 822 1553 867 ait,
1570 825 1596 863 fi
1613 824 1653 863 id
1677 826 1818 865 locum

477 876 651 916 haberet
683 876 1007 925 quandocunque
1035 873 1076 912 in
1106 879 1278 930 remotis
1311 897 1324 917 ‚
1377 874 1514 913 multo
1547 877 1676 925 magis
1706 879 1816 918 obti-

474 940 572 1018 gers?
591 941 664 978 pro
680 928 829 968 sororis
846 927 933 968 filio
948 956 959 966 .
986 926 1085 966 Haec
1102 948 1115 968 ‚
1135 925 1299 974 aliaque
1314 936 1363 965 ex
1382 926 1469 971 ejus
1486 928 1650 979 scriptis
1672 931 1813 970 viden-

505 992 526 1018 a
562 990 634 1020 unt
652 1012 662 1022 .
1660 1022 1666 1025 .

423 1022 587 1072 REPP.
607 1033 791 1075 viderint
807 1058 820 1079 ‚
847 1046 943 1074 num
958 1028 1116 1082 aliquid
1132 1029 1377 1069 discriminis
1392 1031 1501 1072 inter
1518 1046 1640 1073 unum
1657 1045 1814 1088 ‚atque

473 1086 653 1137 alterum,
673 1088 809 1127 casum
828 1084 1087 1127 intercedat:
1116 1094 1214 1122 num
1235 1085 1403 1123 testator
1432 1087 1514 1134 post
1544 1087 1814 1134 constitutum

472 1138 553 1181 jam
566 1140 774 1188 praelaturae
789 1138 959 1178 fundum
976 1164 989 1183 ‚
1023 1136 1085 1175 uti
1104 1144 1200 1175 ante
1215 1135 1352 1174 omnia
1368 1147 1632 1187 praeceperat,
1655 1141 1813 1182 vidium

469 1189 679 1239 integrum
696 1218 707 1238 ‚
738 1192 806 1231 vel
825 1190 1113 1237 adjumentum
1142 1187 1312 1238 aliquod
1342 1189 1391 1227 ad
1408 1188 1625 1231 decentius
1643 1193 1683 1232 se
1701 1194 1811 1234 inte·—

469 1241 549 1282 rim
569 1243 829 1289 habendum,
865 1256 959 1282 mox
988 1244 1068 1290 jam
1084 1239 1226 1281 futuro
1250 1240 1398 1290 praelato
1428 1244 1690 1290 praebendum
1717 1254 1808 1287 tan-

467 1296 688 1335 tummodo
706 1295 1002 1336 existimaverit
1019 1325 1028 1334 .
1062 1292 1257 1333 Viderint
1291 1293 1388 1343 quid
1410 1293 1497 1334 Sac.
1522 1296 1802 1347 Congregatio

468 1347 730 1388 intellexerit
742 1348 790 1387 de
811 1350 885 1387 hac
903 1352 1013 1387 nova
1025 1345 1249 1394 largitione
1265 1370 1278 1390 ‚
1311 1356 1433 1395 quarn
1449 1347 1711 1387 tribuendam
1723 1349 1802 1391 effe

466 1401 663 1440 arbitrata
680 1401 749 1444 est,
766 1400 879 1439 edita
895 1401 988 1449 lege
1003 1426 1016 1446 ,
1044 1409 1129 1449 quae
1147 1397 1276 1438 etiam
1294 1395 1334 1435 in
1352 1398 1555 1454 posterum
1579 1400 1806 1445 servanda-0

466 1454 547 1493 erit
564 1482 574 1491 .
606 1451 856 1500 Proponitur

412 1505 539 1557 'Anfic
555 1505 651 1544 locus
667 1515 854 1555 augmento
871 1506 982 1544 ammi
999 1506 1238 1556 cffgnamenti
1250 1527 1265 1549 ,
1280 1507 1320 1543 in
1336 1502 1421 1551 casu
1441 1505 1516 1548 &a

507 1718 756 1761 ERUSINA
782 1749 792 1759 .
846 1719 987 1758 Paulas
999 1718 1173 1769 Silvagni
1191 1719 1401 1759 Perusinus
1431 1731 1536 1758 anno
1571 1721 1684 1765 1758.
1714 1719 1799 1766 post

517 1782 697 1813 mortem
712 1771 848 1811 uxoris
865 1771 904 1810 in
919 1771 1105 1812 milversa
1123 1771 1366 1812 haereditate
1381 1771 1584 1810 substituit
1599 1771 1796 1819 ecclesiam,

468 1827 512 1868 &¹
525 1827 641 1864 altare
653 1827 775 1862 Beatae
787 1826 922 1863 Alariae
939 1827 1108 1874 Virginis
1121 1834 1316 1873 nuncupat,
1332 1823 1395 1860 del
1408 1823 1536 1872 Giglio
1561 1827 1600 1863 in
1616 1826 1712 1861 bonis
1736 1832 1795 1860 tc·-
1821 1852 1826 1856 .

452 1879 603 1927 statoris
621 1878 789 1921 cresium,
807 1879 851 1921 ἐν
862 1879 906 1914 ab
920 1878 992 1926 ipsb
1004 1877 1187 1926 peculiari
1198 1879 1336 1926 pietate
1352 1887 1585 1914 veneratam:
1600 1876 1690 1914 sunt
1706 1887 1795 1914 ver-

460 1930 507 1967 ba
526 1928 717 1979 Episcopi
733 1928 773 1967 in
789 1929 962 1966 relatione
980 1958 990 1967 .
1026 1928 1133 1967 Bona
1149 1931 1230 1967 haec
1247 1931 1286 1966 in
1304 1927 1490 1967 suburbio
1507 1927 1698 1968 Perusino
1715 1939 1787 1966 ex·

456 1989 547 2020 tant
565 2006 577 2026 ‚
598 1980 715 2032 quod
731 1993 752 2019 a
767 1980 944 2020 civitate
973 1980 1091 2020 mille
1107 2007 1120 2025 ‚
1150 1982 1189 2021 Sc
1208 1981 1318 2020 ultra
1333 1980 1504 2027 paffibus
1537 1979 1655 2019 distat
1669 2009 1680 2020 .
1709 1977 1793 2018 Ca-

455 2034 682 2082 pellaniam
715 2045 762 2072 ex
781 2033 844 2072 his
872 2033 1202 2073 constituendam
1218 2033 1354 2072 voluit
1371 2062 1380 2072 .
1412 2033 1583 2072 Certam
1599 2032 1787 2071 eleemo-

448 2086 590 2134 synam
604 2086 744 2125 statuit
760 2097 831 2134 pro
850 2085 969 2124 sacris
984 2085 1152 2135 agendis
1167 2113 1180 2132 ,
1209 2098 1296 2136 quae
1313 2094 1378 2125 tot
1395 2085 1541 2125 fierent
1562 2085 1603 2124 in
1617 2097 1789 2131 annum,

448 2147 548 2188 quot
563 2141 764 2178 bonorum
780 2137 940 2178 reditus
957 2136 1114 2178 ferrent
1130 2168 1142 2179 .
1172 2139 1235 2177 De
1254 2138 1469 2187 capellano
1483 2137 1532 2177 ad
1549 2146 1695 2180 nutum
1713 2137 1790 2177 eli-

442 2190 578 2239 gendo
595 2215 608 2234 ‚
642 2203 772 2242 eoque
792 2190 1047 2230 removendo
1068 2191 1206 2241 legem
1224 2190 1331 2229 dixit
1345 2220 1356 2229 .
1387 2189 1544 2229 Domos
1580 2190 1736 2234 rurales
1765 2201 1787 2228 a

440 2243 656 2290 capellano
674 2242 910 2282 incolendas
924 2268 938 2288 ‚
964 2242 1295 2283 &custodiendas
1313 2267 1327 2285 ‚
1363 2242 1402 2281 &
1416 2243 1442 2280 fi
1462 2241 1621 2293 aliquid
1647 2241 1783 2283 detri-

438 2295 571 2334 menti
589 2296 675 2339 cjus
691 2295 811 2343 culpa
826 2303 1021 2343 caperent
1037 2319 1051 2338 ‚
1082 2296 1169 2340 ejus
1188 2293 1399 2343 impendio
1429 2293 1657 2334 sarciendas
1686 2319 1700 2339 ‚
1732 2305 1778 2334 ac

438 2346 714 2386 restaurandas
731 2376 741 2385 .
773 2346 1001 2395 Praecipuos
1021 2370 1034 2390 ‚
1066 2348 1104 2386 &
1124 2347 1293 2397 quidem
1320 2359 1400 2385 non
1420 2358 1569 2394 paucos
1584 2346 1672 2386 dies
1710 2359 1779 2389 no-

435 2398 628 2438 minatim
647 2399 884 2447 praescripfit
911 2410 981 2448 pro
1001 2399 1067 2438 sua
1096 2398 1136 2437 in
1166 2398 1336 2438 Beatam
1355 2397 1572 2447 Virginem
1590 2425 1602 2444 ‚
1633 2398 1672 2438 Sc
1702 2397 1781 2437 ali-

434 2459 538 2501 quot
564 2452 732 2492 Sanaos
763 2451 921 2500 pietate
938 2477 951 2496 ‚
981 2451 1021 2489 in
1041 2451 1187 2502 quibu5
1205 2453 1312 2491 sacra
1329 2450 1504 2489 fierent:
1539 2463 1622 2502 quae
1651 2450 1777 2488 abun,

432 2504 554 2544 daret
565 2504 846 2552 eIeemcrryna‚
861 2515 933 2553 pro
949 2503 1040 2542 aliis
1060 2503 1202 2543 diebus
1219 2502 1326 2543 festis
1343 2529 1357 2548 ‚
1378 2515 1421 2542 ac
1438 2502 1550 2543 feriat
1565 2503 1682 2542 sexta:
1702 2527 1715 2547 ‚
1735 2503 1776 2543 Sc

432 2553 618 2597 sabbathi
649 2555 747 2597 effet
760 2586 770 2595 .

382 2600 505 2651 Qiod
522 2611 723 2658 praecipue
741 2609 791 2648 ad
810 2608 1070 2659 quaestionem
1085 2633 1099 2652 ‚
1129 2608 1182 2647 de
1201 2621 1278 2658 qua
1295 2608 1430 2648 sermo
1448 2607 1500 2646 est
1515 2630 1529 2650 ‚
1565 2606 1746 2654 pertinet
1761 2632 1773 2651 ‚

432 2658 570 2698 voluit
587 2685 600 2704 ‚
631 2664 695 2700 che
711 2663 744 2698 il
757 2661 940 2711 capellano
957 2674 1026 2703 non
1036 2659 1133 2712 poffa
1139 2670 1204 2710 per
1217 2660 1425 2711 qualunque
1442 2664 1576 2697 motivo
1593 2659 1777 2698 celebrare

429 2707 616 2758 lesadette
632 2715 736 2763 meffe
750 2718 788 2751 in
804 2713 902 2752 altra
916 2712 1036 2762 chiesa
1040 2714 1139 2762 sotto
1147 2722 1243 2763 pena
1260 2716 1355 2757 ξφα,
1379 2726 1398 2749 e
1411 2725 1455 2748 ne
1463 2720 1555 2762 pure
1567 2711 1597 2752 li
1605 2712 1698 2761 sarci
1710 2711 1772 2753 le-

1321 2790 1323 2796 .
1703 2767 1773 2801 cito
