1889 2959
1415 192 1489 227 105

96 229 189 269 Nec
207 231 392 274 sufficere
414 258 425 278 ‚
442 241 487 272 ut
499 233 708 273 eximatur
736 255 750 275 ‚
778 233 885 284 quod
904 234 1134 283 prae'positus
1161 232 1370 283 dignitate
1387 257 1400 277 ‚
1431 247 1478 273 ac

147 284 430 329 jurisdistione
459 295 628 326 caeteros
645 287 872 324 antecellat
887 300 901 326 ,·
930 287 1010 326 five
1029 287 1136 338 quod
1155 286 1346 325 canonici
1363 286 1483 326 suum

150 337 336 377 erarium
353 351 447 378 cum
462 341 672 386 praepoiito
690 350 766 376 non
780 338 1482 389 participemt.Dignitatem,dicunt

153 388 259 428 nihil
294 390 475 439 prodesse
491 415 504 434 ‚
540 392 609 429 nui
642 399 687 428 ut
711 389 804 428 aliis
825 400 969 438 praeeat
989 416 1000 434 ‚
1032 393 1070 431 ἅτ
1102 392 1138 429 in
1157 391 1271 430 cultu
1307 392 1486 431 ecclefiae

154 442 370 491 praestando
385 444 476 483 aliis
494 443 681 492 exemplo
701 443 771 480 sit:
801 445 946 482 habere
965 453 1106 482 autem
1124 444 1378 494 praepositum
1393 444 1485 483 suos

151 493 223 532 fibi
245 494 402 536 reditus
421 523 434 542 ,
450 495 634 544 propr-ios
650 520 662 539 ‚
681 507 724 533 ac
746 495 981 543 pinguiores
996 524 1006 534 .

105 538 170 584 Dc
189 559 240 585 eo
270 561 370 588 vero
385 575 397 594 ‚
425 547 532 599 quod
563 546 729 595 respicit
766 546 1110 586 consuetudinem
1141 561 1217 587 non
1238 549 1437 590 residendi
1467 561 1478 587 z

155 600 289 650 primo
302 599 454 640 fastum
472 601 737 649 impugnanu
767 610 860 636 nam
888 599 1073 647 &ipsum
1104 600 1348 642 hodiernum
1382 613 1483 650 prce·-

155 653 330 702 pofitum
345 680 358 699 ‚
386 654 424 693 &
442 651 542 694 duos
562 676 574 702 ²
603 651 671 702 qui
690 651 869 699 proxime
886 649 1168 699 praecefferuut
1186 679 1198 697 ‚
1219 666 1296 692 non
1316 666 1406 693 raro
1426 666 1487 692 re·-

152 704 293 746 sedisse
319 717 365 744 ex
382 704 544 743 testibus
580 704 737 751 probari
767 702 940 743 afferunt
959 732 969 742 .
1001 703 1188 743 Secundo
1219 705 1488 746 consuetudi·

152 769 250 796 nem
280 758 319 796 in
341 756 568 802 hujusmodi
597 757 712 794 rebus
743 755 913 805 allegari
946 768 1024 794 nou
1059 754 1167 802 poffe
1186 783 1198 807 ‚
1231 759 1292 797 uti
1310 758 1484 798 eradici-

153 819 220 849 tus
250 810 496 859 extirpatam
529 810 574 847 ab
611 808 690 856 ipso
722 807 972 847 Tridentino
991 836 1001 846 .
1032 807 1213 847 Abusum
1246 813 1354 850 hunc
1386 807 1485 848 fuis-

154 863 194 902 se
213 892 223 902 .
256 862 421 904 Sacram
436 860 809 916 Congregatione-in
836 860 1003 899 abusum
1031 863 1138 905 hunc
1166 861 1481 913 improbavisse.»

158 919 243 955 sem
274 927 318 955 er
334 944 344 956 .

102 927 468 1020 Qxemii'dmodum
485 979 558 1006 nec
576 966 740 1006 officere
759 990 771 1008 ‚
806 966 913 1016 quod
924 967 1150 1015 praepositura
1166 965 1213 1006 ad
1229 968 1483 1015 juspatrona-

153 1029 218 1059 tus
236 1019 452 1059 Comitum
485 1019 535 1058 de
555 1018 683 1058 Flisco
710 1019 791 1057 loci
823 1018 1082 1057 dominorum
1105 1021 1314 1068 pertineat
1334 1033 1347 1060 ‚·
1385 1031 1481 1057 cum

154 1083 230 1113 nec
257 1073 347 1118 jura
363 1072 472 1124 regia
502 1080 742 1116 patronatus
772 1071 821 1108 ad
842 1072 917 1110 hoc
934 1069 1119 1110 sufficere
1145 1072 1411 1116 clarissimum
1438 1071 1479 1113 iu

151 1126 242 1171 jure
253 1125 301 1163 fit
322 1125 480 1162 Card.de
494 1126 592 1160 Luc-a
609 1124 764 1170 disc.61.
794 1122 1086 1170 Opportunum
1103 1133 1243 1162 autem
1261 1149 1273 1168 ‚
1306 1126 1390 1169 imo
1407 1134 1479 1169 pe-

151 1188 204 1215 ne
219 1174 483 1215 neceffarium
501 1199 513 1217 ‚
532 1183 575 1212 ut
591 1175 638 1213 ad
658 1177 733 1212 hoc
752 1174 981 1222 praepofitus
997 1174 1186 1225 adigatur
1201 1201 1215 1220 ‚
1232 1189 1281 1215 ne
1293 1175 1478 1224 alioquin
1502 1191 1506 1195 ·

153 1227 256 1269 defit
282 1227 498 1267 servitium
527 1227 702 1265 ecclesiae
721 1251 734 1270 ‚
769 1238 855 1275 quae
884 1238 961 1263 non
980 1225 1050 1264 nifi
1077 1227 1139 1265 sex
1158 1228 1375 1266 canonicos
1406 1230 1482 1267 ha-

151 1280 223 1320 bet
253 1280 349 1320 huic
377 1279 492 1318 oneri
521 1279 755 1328 obligatoss
788 1289 883 1317 cum
897 1278 1038 1316 caeteri
1069 1280 1259 1329 adjunfzi,
1293 1277 1473 1328 exprelse

147 1333 198 1423 {b
237 1334 313 1390 noc
349 1343 474 1372 onere
495 1356 508 1376 ‚
533 1342 580 1373 ex
608 1329 808 1380 peculiari
845 1330 937 1380 lege
966 1329 1217 1374 fundationis
1249 1355 1263 1377 ‚
1292 1331 1477 1381 exempti

174 1391 312 1424 uermt
327 1412 337 1423 .
1100 1394 1101 1397 ’

97 1437 209 1479 Hinc
227 1443 511 1485 propugnant,
542 1434 749 1474 inutiliter
778 1436 859 1474 haec
887 1434 1098 1483 postulari,
1132 1436 1341 1477 inutiliter
1370 1447 1473 1484 prae-

152 1489 235 1538 cipi
251 1514 266 1535 ,
296 1488 366 1528 nisi
385 1488 511 1527 tertia
528 1499 616 1536 pars
643 1487 850 1528 redituum
872 1489 1095 1535 praehenda,
1127 1502 1248 1539 quam
1265 1487 1463 1537 praepositi

151 1541 334 1586 habent,
360 1541 666 1589 distributionibus
695 1541 911 1590 quotidianis
941 1540 979 1577 in
1007 1541 1204 1586 posterum
1227 1541 1468 1580 addicatur.

150 1593 254 1633 Eam
266 1594 317 1631 ob
329 1593 534 1632 rationem
561 1595 661 1632 hanc
681 1592 816 1631 tertia:
836 1591 960 1639 partis
977 1592 1218 1633 divilionem
1234 1620 1247 1638 ,
1281 1603 1324 1632 ut
1350 1594 1472 1632 fieret

144 1655 210 1697 pro
227 1646 532 1695 distributionibus
549 1641 804 1687 demandasse
822 1643 1058 1684 Concilium
1062 1645 1180 1695 sesso
1191 1647 1393 1694 1.oap.3.de
1408 1658 1471 1682 re-

140 1699 292 1748 sbrmat.
322 1697 424 1737 Haec
441 1698 628 1737 canonici
645 1706 786 1738 contra
805 1698 1074 1744 praepositum,
1095 1700 1164 1748 qui
1183 1699 1313 1739 adhuc
1331 1698 1397 1738 sua
1411 1697 1473 1742 ju·-

150 1762 209 1794 ra‚
228 1750 329 1790 licet
344 1749 533 1798 legitime
549 1750 945 1798 interpellatus‚non
963 1752 1138 1798 protulit
1153 1781 1164 1790 .

99 1803 230 1845 Certe
247 1804 295 1842 ab
309 1803 531 1851 exemplari
558 1803 773 1842 literarum
805 1804 867 1840 Pii
881 1804 951 1841 IV.
982 1803 1202 1843 evidenter
1230 1811 1347 1850 patet
1375 1813 1478 1850 prae-

147 1857 323 1906 positum
338 1866 431 1892 cum
448 1855 653 1895 canonicis
682 1865 807 1891 unum
820 1854 1065 1894 constituere
1094 1856 1323 1902 capitulum
1339 1868 1352 1894 ‚·
1382 1866 1479 1901 pro--

142 1916 371 1957 pterea-que
387 1907 639 1954 praepofitum
657 1906 710 1943 de
723 1906 811 1950 jure
825 1914 950 1950 caput
968 1904 1046 1945 else
1062 1931 1075 1949 ‚
1096 1907 1163 1945 sed
1183 1907 1363 1952 ejusdem
1379 1917 1472 1946 cor-

140 1959 257 2007 poris
273 1982 284 2000 ‚
305 1956 412 2008 quod
428 1958 635 2005 integrum
653 1957 718 1995 uui
739 1956 917 1995 ecelefiae
933 1954 1142 1997 addietum
1163 1960 1216 1998 est
1235 1988 1247 1999 .

93 2009 224 2053 Usum
240 2022 318 2048 non
338 2009 533 2048 relidendi
553 2021 574 2047 a
589 2008 744 2056 duplici
761 2008 859 2046 saecu
869 2010 909 2046 lo
937 2009 974 2046 in
989 2011 1208 2058 praepositis
1237 2009 1470 2058 capitulum

143 2063 274 2112 ipsum
290 2061 448 2100 ad-nisit
468 2090 477 2100 .
510 2061 745 2101 Videndum
765 2060 860 2110 quid
879 2060 917 2097 in
936 2061 1024 2104 jure
1043 2065 1109 2100 hie
1135 2063 1224 2100 usus
1250 2062 1376 2101 faciat
1394 2084 1406 2102 ³
1436 2059 1464 2098 fi

143 2127 225 2157 non
242 2113 291 2153 ad
305 2113 651 2162 praescriptiouem
670 2138 681 2155 ,
713 2112 858 2150 saltem
885 2111 934 2149 ad
965 2112 1290 2153 declarationem
1321 2113 1468 2151 litera·

145 2179 238 2207 rum
264 2166 482 2205 eret‘hon'm
495 2195 503 2204 .
535 2166 594 2203 De
613 2178 653 2204 re
669 2163 896 2209 hujusmodi
915 2164 998 2204 late
1013 2175 1136 2214 agunt
1152 2167 1316 2214 Fagnan.
1330 2169 1370 2202 in
1387 2173 1463 2213 cap.

144 2232 228 2258 cum
238 2232 350 2255 omnes
379 2232 504 2258 numa
517 2232 548 2255 1.
567 2220 611 2254 de
629 2217 805 2266 constitut.
821 2241 832 2259 ‚
849 2216 1196 2264 Pignatell.c.ml}tlt.
1209 2233 1222 2257 1
1235 2232 1296 2268 14.
1316 2229 1460 2265 tom.4.,

143 2272 377 2310 card.Petra
392 2273 441 2307 ad
454 2269 846 2319 ConstitJnmcenJV.
855 2268 1156 2318 sess.2.7mm.28.

91 2320 410 2366 Advertendum
425 2349 438 2368 ‚
463 2324 569 2373 quod
601 2324 709 2361 inter
728 2330 994 2361 monumenta
1007 2324 1132 2363 cause
1150 2348 1163 2367 ‚
1190 2334 1275 2372 quae
1294 2321 1460 2369 Episco-

141 2387 217 2426 pus
235 2376 339 2414 misit
354 2399 367 2418 ‚
397 2378 567 2414 habetur
586 2373 814 2412 nominatio
829 2374 1024 2422 praepofiti
1042 2402 1054 2420 ‚
1085 2387 1207 2424 quam
1221 2387 1323 2413 anno
1345 2377 1458 2417 1617.

139 2426 359 2467 Masserani
380 2426 574 2473 Princeps
589 2426 730 2465 favore
745 2425 803 2463 sui
819 2424 893 2462 filii
913 2427 1139 2466 duodennis
1155 2425 1258 2465 fecit
1277 2451 1289 2470 ‚
1303 2430 1342 2463 in
1355 2438 1461 2474 qua-s

136 2481 365 2529 propositum
384 2482 542 2529 dignitas
566 2477 779 2528 principalis
793 2479 1006 2524 beneficium
1025 2478 1180 2529 fimplex
1196 2477 1297 2515 illius
1316 2477 1466 2526 ecclesiae

147 2531 342 2578 collegium
359 2533 511 2571 dicitur
528 2562 536 2570 .

91 2580 299 2638 Praeterea
316 2610 330 2628 ,
360 2584 465 2636 quoi
487 2584 521 2622 in
540 2583 774 2623 visitatione
793 2587 876 2620 anm·
896 2588 1010 2632 1746.
1030 2583 1131 2622 licet
1147 2581 1335 2622 canonici
1351 2581 1467 2629 plura

144 2634 345 2683 Episcopo
362 2636 654 2686 proposuissent
672 2637 720 2674 de
735 2637 902 2675 ecclesia
920 2660 932 2680 ‚
948 2638 986 2676 Sc
1003 2638 1104 2674 choro
1123 2635 1225 2675 nihil
1246 2635 1297 2674 de
1314 2644 1469 2683 praepo-

145 2685 238 2730 fito,
260 2698 303 2725 ut
320 2690 529 2732 relideret,
549 2690 740 2728 dixerunt
760 2718 769 2728 .

85 2735 311 2789 Episcopus
334 2743 514 2788 praenofit
533 2755 589 2781 mi
603 2755 682 2782 non
695 2740 773 2782 effe
791 2742 1018 2791 cogendum
1035 2740 1234 2784 existimat
1253 2751 1263 2780 ε
1288 2740 1465 2781 Adnexis

249 2796 343 2832 Tom.
362 2795 549 2836 XXXIII.
971 2795 1011 2836 O
1388 2800 1480 2842 pre·
