1919 2964
109 708 209 755 Κείς.
219 677 382 755 24eapl1
393 719 427 746 2.

84 762 129 801 de
145 761 351 810 Reformat.

516 144 562 172 22

535 206 537 208 -
557 185 692 234 spelffet
716 185 766 221 ad
781 182 828 222 R.
844 184 895 222 D.
912 182 1077 223 Moira'm‘
1091 211 1104 231 ,
1120 186 1163 228 ἐν
1179 192 1350 235 quatenus
1373 184 1593 233 affirmative*
1613 186 1621 225 2

464 236 515 276 II.
530 240 653 286 Ansit
670 236 920 286 considendum
934 238 1169 285 Sanffisximo
1181 247 1246 286 pro
1251 236 1434 284 facultate
1450 238 1698 277 celebrationis
1730 235 1826 285 Mis-

558 292 687 339 starum
699 293 737 326 in
755 291 849 327 vrbe
868 293 907 328 in
923 292 1006 341 casu
1024 293 1099 334 dyc.

567 445 633 485 Ad
659 445 837 494 primum
867 445 1201 496 providebiturin
1220 444 1394 484 secundo
1413 472 1425 492 ‚
1456 447 1504 485 ad
1524 446 1744 488 secundum
1763 459 1839 486 ne-

579 499 582 503 ’
610 497 759 548 εειῐίνε
777 524 789 544 a
808 501 846 540 ὃς
860 500 1034 551 amplius
1047 527 1058 542 ,
1656 506 1659 509 “

561 709 937 751 ARRACONEN.
961 740 970 749 .
1027 710 1264 760 Collegium
1284 737 1295 756 ‚
1323 713 1430 763 quod
1463 712 1502 750 in
1520 710 1697 750 Ecclefia
1724 717 1840 750 extat

578 763 782 803 Paroc'hiae
804 764 924 803 Villae
941 766 985 800 de
1001 763 1098 801 Reus
1116 763 1388 803 Tarraconen.
1405 764 1587 803 dioecefis
1617 776 1662 802 ex
1683 765 1841 810 primes->³

513 828 564 855 va
581 816 834 856 institutione
855 841 867 859 ‚
903 826 1024 866 quam
1039 816 1120 853 san.
1140 826 1265 853 mem.
1284 815 1426 863 joanni
1446 816 1585 855 XXII.
1618 824 1832 865 acceptam

514 867 667 911 refert,
697 868 839 906 Priore
866 880 943 906 uno
973 869 1202 910 constabat,
1229 869 1266 906 Sc
1293 870 1386 906 osto
1412 878 1574 908 tantum
1613 867 1836 915 Presbyte-
1883 913 1887 917 ,

515 921 568 958 ris
588 951 597 961 .
628 920 706 958 His
724 922 856 968 postea
885 921 1070 969 sequenti
1090 929 1278 966 tempore
1297 932 1341 958 ex
1359 922 1517 969 piorum
1532 920 1746 958 hominum
1763 923 1841 974 ¹³¹¹?
1877 937 1881 940 ·

514 972 736 1021 gitionibus
760 972 832 1010 alii
849 972 998 1021 viginti
1013 974 1106 1010 osto
1124 972 1271 1016 adjen‘ti
1291 974 1380 1011 sunt
1399 1003 1408 1012 .
1439 974 1493 1011 Ex
1510 973 1695 1010 omnibus
1715 985 1841 1011 unum

514 1036 661 1072 corpus
679 1024 858 1063 conflatu
868 1037 883 1062 r
898 1054 907 1062 .
928 1024 1074 1063 Iisdem
1093 1025 1247 1072 legibus
1269 1025 1414 1064 vivunt
1432 1055 1441 1064 .
1462 1024 1612 1064 Eadem
1626 1037 1747 1064 onera
1764 1028 1835 1064 ha·-

513 1078 611 1116 bent
625 1108 633 1116 .
661 1077 812 1115 Eadem
831 1074 1002 1125 pecunia
1018 1084 1195 1115 Utuntur
1217 1106 1226 1115 .
1248 1076 1450 1125 (Quotidie
1470 1078 1507 1117 in
1530 1081 1655 1116 choro
1669 1078 1811 1116 adsunt
1827 1088 1840 1115 z

514 1142 559 1167 ac
578 1129 759 1169 nescitur
776 1130 856 1168 five
870 1130 997 1176 prima
1018 1131 1106 1177 lege
1125 1153 1137 1171 ‚
1166 1129 1247 1168 sive
1265 1131 1474 1177 posteriori
1496 1130 1717 1179 privilegio
1734 1155 1745 1174 ,
1763 1142 1836 1169 ve·

511 1189 649 1220 terem
677 1181 1013 1220 consuetudinem
1029 1183 1077 1219 ad
1095 1184 1196 1218 hanc
1215 1181 1326 1220 diem
1343 1183 1524 1221 retinent
1544 1207 1556 1226 ‚
1584 1190 1627 1219 ut
1649 1182 1730 1220 duo
1747 1191 1838 1220 tan-

514 1244 605 1272 tum
636 1245 681 1272 ex
698 1234 878 1284 collegio
909 1233 1095 1284 quolibet
1128 1244 1234 1272 anuo
1264 1245 1333 1282 per
1360 1235 1540 1274 mensem
1560 1246 1686 1272 unum
1704 1232 1832 1273 abeffe

512 1286 680 1324 valeant
699 1315 707 1324 .

462 1334 598 1387 Usque
613 1339 660 1375 ab
674 1349 778 1374 anno
800 1342 914 1382 1762.
933 1338 1167 1386 Collegium
1185 1337 1430 1386 supplicavit
1450 1364 1463 1383 ,
1488 1347 1534 1376 ut
1565 1339 1657 1376 οέἶο
1682 1348 1727 1374 ex
1757 1337 1838 1376 suis

511 1389 763 1437 presbyteris
787 1390 934 1427 eodem
956 1399 1143 1438 tempore
1161 1413 1173 1432 ,
1200 1390 1238 1428 δέ
1268 1401 1338 1437 per
1371 1398 1455 1428 tres
1473 1390 1569 1427 anni
1597 1387 1752 1428 menses
1780 1387 1864 1434 ρῳ]

509 1445 639 1480 choro
665 1444 827 1479 vacatio
843 1443 1155 1488 permitteretur
1170 1470 1179 1479 .
1213 1441 1431 1489 Propofitis
1460 1442 1498 1480 in
1518 1442 1637 1480 Sacra
1657 1440 1839 1489 Congre-

507 1494 673 1544 gatione
692 1494 800 1532 inter
817 1494 954 1532 libellos
987 1494 1185 1539 ejusmodi
1205 1494 1389 1543 precibus
1405 1496 1465 1531 die
1478 1495 1635 1544 4.Junii
1651 1493 1837 1540 superio-

508 1547 562 1584 ris
585 1545 680 1583 anni
707 1545 786 1584 EE.
819 1544 895 1584 ΡΡ.
926 1546 966 1585 in
993 1546 1194 1585 diversam
1222 1546 1408 1585 abierunt
1435 1546 1712 1586 sententiam:
1743 1545 1838 1583 hinc

506 1598 748 1636 mandatum
779 1598 831 1637 est
846 1624 858 1642 ‚
889 1607 934 1637 ut
963 1599 1114 1636 iterum
1156 1607 1480 1646 proponerentur
1498 1627 1507 1637 .
1540 1598 1831 1647 proponuntur

505 1662 612 1698 nunc
632 1649 766 1689 denuo
797 1649 904 1689 inter
929 1651 1062 1689 causas
1081 1676 1093 1695 ‚
1127 1658 1172 1688 ut
1190 1649 1419 1698 responsum
1446 1651 1622 1690 habeant
1647 1681 1655 1689 .
1687 1650 1834 1689 Colle-

506 1703 620 1752 gium
638 1709 779 1740 autem
797 1728 808 1747 ‚
841 1715 920 1752 quo
935 1701 1166 1741 faciliorem
1192 1702 1266 1740 suae
1282 1702 1478 1750 petitioni
1507 1705 1656 1741 sternat
1688 1702 1796 1741 viam
1810 1723 1826 1744 ,

506 1754 607 1792 duos
623 1766 727 1792 nunc
744 1762 905 1793 tautum
924 1755 1080 1795 menses
1095 1754 1326 1793 vacationis
1345 1755 1568 1802 expostulat
1586 1783 1596 1793 .
1875 1802 1878 1804 v

456 1806 630 1855 Allegat
659 1805 783 1843 nimis
810 1819 964 1855 grave,
997 1819 1042 1846 ac
1074 1806 1316 1846 laboriosum
1348 1805 1482 1845 videri
1503 1806 1791 1856 quotidianum
1821 1829 1836 1851 ‚

509 1857 786 1906 affiduumque
804 1859 919 1898 chori
952 1859 1188 1899 servitium:
1217 1858 1392 1897 ecclefiae
1419 1859 1579 1898 nullum
1607 1858 1837 1898 detrimen·-

508 1919 602 1949 tum
633 1909 774 1948 inferri
801 1921 871 1959 per
899 1913 992 1950 octo
1019 1923 1066 1950 ex
1099 1911 1282 1958 capitulo
1307 1937 1320 1956 ,
1347 1911 1415 1959 qui
1447 1910 1602 1949 duobus
1632 1912 1830 1949 mentibus

509 1962 603 2002 anni
623 1970 774 2001 vacent
791 1989 803 2007 ‚
824 1975 916 2001 cum
933 1964 1005 2002 alii
1022 1962 1171 2013 viginti
1188 1975 1338 2001 novem
1353 1963 1512 2012 semper
1526 1971 1718 2002 maneant
1733 1988 1745 2007 ,
1762 1960 1835 2012 qui

509 2015 746 2053 communia
761 2028 884 2054 onera
903 2016 1103 2064 impleant
1121 2028 1131 2053 :
1158 2016 1255 2055 satis
1287 2015 1485 2066 superque
1503 2026 1575 2063 pro
1592 2015 1638 2053 iis
1659 2015 1836 2063 implen-

510 2066 571 2105 dis
586 2067 786 2106 abundare
814 2079 908 2107 eum
926 2080 1170 2107 numerum:
1200 2068 1240 2106 in
1255 2068 1423 2106 ecclesia
1451 2068 1651 2116 plurimos
1670 2064 1836 2106 adeste-2

509 2119 772 2168 presbyteros
791 2132 861 2168 pro
878 2121 1045 2169 agendis
1061 2121 1183 2160 sacris
1199 2134 1213 2160 ,·
1231 2120 1269 2159 in
1287 2121 1380 2158 loco
1397 2119 1477 2158 duo
1495 2121 1632 2159 haberi
1650 2119 1837 2163 illustria,

511 2171 549 2210 &
569 2171 833 2220 Regularium
851 2171 1122 2212 multitudine
1137 2171 1398 2223 frequentata
1414 2173 1596 2210 coenobia
1609 2201 1618 2210 .

459 2218 605 2269 justam
620 2248 633 2268 ,
663 2223 801 2262 &imo
818 2224 1080 2264 necessariam
1097 2225 1211 2264 addit
1229 2224 1485 2264 intercedere
1502 2223 1718 2271 petitionis
1730 2234 1828 2261 cau-

510 2275 593 2313 sam
614 2300 626 2319 ,
660 2283 706 2313 ut
723 2275 986 2322 provideatur
1000 2276 1230 2315 valetudini
1247 2276 1535 2314 nonnullorum
1554 2300 1566 2318 ,
1597 2275 1635 2314 ὃς
1663 2275 1829 2322 praeser-

511 2326 590 2365 tim
609 2326 741 2364 aestivo
758 2334 944 2375 tempore
963 2353 975 2372 ‚
1011 2327 1051 2365 in
1067 2340 1147 2378 quo
1181 2340 1227 2366 ea
1245 2327 1356 2376 regio
1375 2326 1628 2365 intolerabili
1659 2328 1828 2367 calore)

511 2378 669 2417 utitur:
699 2380 801 2417 hanc
817 2379 945 2417 Sacrae
958 2379 1298 2430 congregationis
1331 2378 1631 2428 indulgentiam
1660 2380 1830 2417 consue-

509 2440 597 2470 tam
612 2429 840 2470 effezmulta
853 2432 891 2469 in
910 2431 1118 2481 Hispaniis
1134 2432 1183 2470 de
1201 2444 1247 2471 ea
1263 2431 1461 2474 afferri‚ac
1476 2430 1679 2480 praedicari
1697 2443 1834 2470 exem·-

510 2483 593 2530 pla‚
609 2492 654 2521 ut
671 2483 708 2521 in
725 2485 998 2523 Gerunden.die
1022 2485 1262 2534 16.Januarii
1285 2497 1397 2531 1723.
1418 2510 1429 2530 ‚
1443 2484 1660 2522 Ilerdenffie
1678 2499 1691 2522 1
1704 2485 1825 2523 1.De-

506 2537 655 2573 cembris
676 2540 805 2583 1756„
821 2536 1027 2575 Valentina
1042 2539 1102 2574 die
1122 2536 1294 2586 30.Julii
1318 2550 1429 2584 1757.

457 2587 702 2627 Ordinarius
719 2600 815 2627 vera
832 2586 909 2627 effe
923 2588 1028 2628 dicit
1045 2615 1057 2635 ‚
1078 2602 1164 2640 quae
1179 2589 1413 2638 Collegium
1429 2588 1618 2637 proponit
1630 2603 1643 2628 ‚·
1661 2588 1825 2626 sednon

507 2640 675 2678 omnino
703 2640 742 2679 ei
756 2640 1044 2680 adhaerendum
1057 2668 1069 2687 ‚
1099 2655 1175 2680 non
1189 2642 1356 2680 omnino
1374 2640 1643 2686 rejiciendum
1659 2641 1825 2679 censet:

511 2692 601 2729 Cum
615 2692 854 2740 parochiani,
871 2697 933 2744 qui
951 2707 989 2733 eo
1003 2693 1078 2733 loco
1091 2695 1232 2743 degunt
1240 2694 1398 2743 plurima
1414 2695 1594 2732 hominum
1612 2692 1728 2732 millia
1746 2704 1830 2729 con·-
1841 2688 1865 2717 ,2

1678 2745 1716 2791 fi
1718 2747 1831 2789 ciant,
