1919 2964
480 125 494 150 1
527 126 553 149 0

61 163 155 213 Sess.
176 176 236 212 14·
263 172 380 212 eap.7.
425 120 737 256 B⁷RIXIEN.
768 159 1294 204 IRREGULARITATIS
1318 194 1332 204 ⁴
1359 164 1485 205 Anno
1517 177 1626 214 1753.
1656 167 1725 208 die
1753 167 1812 211 11¹,

36 219 82 256 de
91 217 249 266 Reform.
527 214 784 264 Septembris
815 214 1010 255 Sacerdos
1025 218 1243 265 Franciscus
1258 221 1461 257 ,Comincini
1487 233 1505 256 e
1521 222 1632 258 Prata
1650 222 1812 259 Alboino

472 271 639 309 Brixien.
660 266 846 307 dioecesis
862 269 985 309 nostu
1003 270 1162 309 occidit
1180 270 1439 310 sacerdotem
1459 271 1812 312 Bartholomaeum

475 319 661 361 Olivieri
680 349 690 359 .
721 320 833 360 Hinc
856 330 1056 370 perpetuo
1071 324 1290 363 exulatum
1307 323 1421 363 abire
1437 325 1602 364 marrus
1624 328 1674 365 est
1691 356 1700 365 .
1720 327 1811 365 An-

471 387 525 414 no
554 377 668 420 1758.
698 373 947 424 supplicavit
976 387 1047 424 pro
1075 376 1375 424 dispensatione
1404 378 1451 415 ab
1485 377 1809 426 irregularitate,

472 427 676 476 recipiens
702 427 741 466 se
771 439 920 467 nomen
949 426 1144 468 daturum
1167 429 1294 469 alicui
1309 428 1460 467 Ordini
1492 442 1538 469 ex
1561 430 1812 470 Mendican-

471 481 593 520 tibus.
611 479 792 520 Auditus
807 480 1028 531 Episcopus
1045 483 1192 521 retulit
1207 483 1249 522 se
1258 482 1365 522 nihil
1379 481 1489 522 certi
1501 482 1740 531 comperisse
1757 484 1809 522 de

470 532 968 574 {asticircumstantiiside
985 535 1185 574 anteaeris
1212 544 1356 576 tamen
1370 532 1606 574 Comincini
1627 538 1808 576 moribus

468 587 620 625 bonum
635 587 917 627 testimonium
932 585 1258 640 *habuiffffiatque
1273 593 1452 627 oratoris
1483 598 1625 636 preces
1657 588 1811 628 admit-

469 639 614 678 tendas
627 639 791 680 ‹censuit
821 652 831 678 ε
860 641 916 679 nil
928 654 984 679 me
999 644 1219 680 intentatum
1228 639 1420 692 reliquisti·
1447 651 1511 691 pro
1528 642 1689 679 eruenda
1707 645 1812 679 veri-

466 703 544 730 tate
556 703 789 732 narratorum
803 719 818 739 ‚
842 696 977 732 ,audito
996 698 1108 732 etiam
1130 696 1275 745 proprio
1291 698 1444 733 oratoris
1457 695 1596 733 Paroco
1618 698 1699 733 viro
1718 695 1812 743 sane

466 749 697 795 integerrimo
714 769 727 789 ‚
772 749 838 795 qui
863 748 951 785 licet
967 751 1065 785 circa
1073 749 1170 796 falli
1180 747 1473 797 circumstantias
1501 757 1691 797 [tamquam
1708 749 1812 786 nofiiu

467 799 628 848 occursus
643 798 739 835 nihil
751 800 846 837 certi
871 802 961 837 mihi
977 801 1114 847 referre
1132 804 1296 851 ,potuerit
1311 827 1324 846 ‚
1335 810 1500 838 *attamen
1516 803 1613 838 circa
1631 802 1808 838 anteaflos

464 865 576 890 mores
594 848 758 905 ejusdem
772 857 925 890 oratoris
941 879 954 899 ,
986 854 1161 904 &studia
1182 854 1335 904 'inflatu
1352 853 1514 892 clericali
1533 852 1816 899 favorabilia-2,

463 904 665 955 testimonia
671 913 737 955 pro
755 906 811 942 rei
824 907 989 944 veritate
996 908 1133 945 attulit
1146 933 1160 953 ,
1181 909 1290 946 itaut
1297 906 1414 955 facile
1429 907 1602 945 inducam
1633 906 1683 943 ad
1688 905 1727 951 fi
1729 907 1810 944 dem

459 957 699 1008 praestandam
714 984 727 1004 ,
744 959 839 1008 quod
848 972 900 996 ex
911 959 1078 1009 legitimo
1095 984 1109 1005 ‚
1124 961 1335 1010 sinceroque
1344 959 1562 1010 penitentia
1581 961 1716 996 motivo
1727 968 1811 1008 pro-

461 1011 591 1048 cedere
612 1012 710 1060 poffit
735 1013 952 1062 proposttum
973 1017 1093 1051 animi
1133 1025 1266 1052 -votum
1297 1013 1554 1062 ‘ingredienda
1576 1010 1779 1059 Religionis
1797 1040 1810 1051 .

462 1063 592 1115 Qre
619 1073 664 1100 ut
674 1067 789 1102 animi
806 1069 877 1104 mei
886 1066 1112 1114 sententiam
1129 1063 1254 1120 juffus
1269 1071 1430 1116 aperiam
1447 1065 1631 1104 crederem
1657 1064 1804 1103 locum

460 1116 532 1164 effe
539 1119 665 1164 petitae
683 1118 940 1166 dispensationi
956 1120 1006 1156 ad
1018 1119 1183 1169 effefium
1197 1123 1237 1157 in
1247 1121 1415 1170 precibus
1427 1145 1440 1166 ,
1455 1131 1541 1170 quas
1560 1120 1722 1156 veritate
1741 1117 1811 1165 niss

453 1169 550 1218 satis
568 1171 660 1207 mihi
671 1170 884 1220 persnasum
903 1172 951 1221 est
961 1202 977 1214 ,.

407 1218 552 1261 Mense
583 1222 718 1271 Aprili
742 1223 923 1269 ejusdem
955 1225 1051 1263 anni
1076 1235 1222 1272 preces
1265 1226 1427 1270 rejeetae
1467 1224 1506 1263 su
1515 1230 1560 1262 nt
1574 1251 1585 1262 .
1616 1221 1712 1262 Illas
1747 1222 1810 1262 in-

454 1275 650 1313 stauravit
665 1274 732 1315 die
753 1289 811 1315 12.
829 1278 972 1317 menfis
991 1277 1176 1326 Augusti,
1193 1291 1240 1317 ac
1254 1278 1462 1317 diversam
1482 1276 1638 1314 sortem
1657 1287 1806 1324 exper-

456 1333 523 1365 tus
539 1326 593 1366 est
605 1340 620 1367 5
638 1339 731 1366 nam
749 1328 983 1377 responsum
999 1332 1051 1369 est
1064 1339 1128 1378 pro
1137 1335 1266 1379 gratia
1283 1354 1295 1373 ‚
1329 1329 1453 1377 emiffa
1469 1338 1592 1365 tamen
1608 1327 1810 1376 proseffione

455 1381 494 1415 in
510 1377 702 1429 Religione
717 1411 727 1420 .
759 1379 889 1420 Paulo
908 1384 989 1431 post
1006 1383 1136 1432 ipsum
1149 1382 1551 1431 adiitSanffiffimumJ
1571 1379 1642 1418 sed
1659 1380 1806 1419 audito

451 1430 790 1472 Eminentiffimo
803 1433 954 1484 Magno
971 1435 1292 1475 Poenitentiario
1309 1434 1553 1484 rescriptum
1568 1433 1808 1481 est:Sanezis-

446 1485 558 1533 fimus
573 1489 702 1523 annuit
713 1495 778 1533 pro
787 1491 930 1534 gratia,
947 1498 1023 1526 tam
1043 1497 1109 1537 pro
1118 1488 1283 1537 ingreffu
1295 1489 1513 1538 Religionis,
1539 1498 1648 1536 quam
1657 1495 1724 1535 pro
1742 1488 1806 1523 di-

441 1537 677 1586 spensatione
698 1540 742 1575 ab
756 1540 1036 1588 irregularitate
1058 1544 1097 1579 in
1116 1552 1268 1592 utroque
1277 1541 1374 1588 soro,
1388 1542 1569 1591 postquam
1600 1538 1804 1588 regularem

447 1591 685 1639 profeffionem
696 1591 858 1639 emiserit
874 1619 887 1638 ,
910 1594 1030 1640 firma
1044 1605 1166 1631 lamen
1181 1605 1386 1632 remanente
1401 1591 1641 1631 inhabilitate
1658 1593 1708 1628 ad
1721 1605 1804 1629 mu-

448 1645 512 1679 m‘a
526 1643 736 1693 religionis,
755 1647 800 1691 ἐν
815 1648 1060 1696 expediantur
1072 1656 1250 1697 oportunis
1263 1647 1381 1685 literae
1390 1656 1457 1697 per
1473 1645 1799 1683 Poenitentt'ariam

453 1696 704 1743 Apostolicam
715 1726 731 1736 ,
1078 1695 1084 1700 ’

399 1746 581 1788 Nullum
594 1748 761 1793 exinde,
780 1756 826 1788 ut
844 1747 1267 1798 affirmavinreperiit
1283 1750 1488 1789 Ordinem
1505 1747 1797 1796 Regulariurn,

449 1797 630 1848 quicum
647 1800 854 1849 reciperet
867 1830 883 1842 ,.
903 1801 1014 1839 Hinc
1031 1801 1168 1840 denuo
1183 1803 1431 1850 supplicavit
1448 1827 1461 1846 ,
1478 1808 1524 1840 ut
1542 1801 1591 1837 ab
1608 1801 1684 1838 hoc
1701 1814 1803 1841 one-

449 1863 492 1891 re
509 1851 753 1891 liberaretur
771 1881 781 1891 .
802 1852 879 1892 Sed
897 1853 1037 1891 delata
1052 1852 1113 1892 rei
1130 1853 1375 1903 cognitione
1394 1853 1445 1892 ad
1467 1853 1553 1890 Sac.
1567 1850 1797 1904 Congrega-

448 1904 612 1944 tionem
641 1915 745 1943 anno
763 1908 874 1951 r760.
891 1905 1125 1954 responsum
1155 1907 1214 1947 est
1229 1907 1376 1944 Lefium
1393 1931 1406 1950 ‚
1440 1907 1485 1950 ὠ·
1493 1904 1658 1953 gaudeat
1681 1909 1800 1956 impe-

447 1960 556 1994 tratis
574 1987 583 1997 .
602 1957 696 1996 Non
713 1956 844 1996 adhuc
864 1956 1003 1996 animo
1016 1954 1169 1999 'fraetus
1180 1969 1326 2008 preces
1342 1966 1624 2007 renovat,quae
1646 1956 1802 1999 iterato

446 2008 549 2054 jussu
562 2011 898 2059 Sanfiiiffi'minunc
912 2021 940 2059 p
948 2019 1229 2059 reponuntur,
1519 2053 1522 2056 ,
1792 2022 1798 2027 “

393 2064 548 2104 Narrat
564 2062 662 2103 fasti
674 2062 874 2104 hancsscffe
886 2062 1125 2105 historiam,
1151 2063 1293 2103 Noetu
1311 2062 1420 2105 forte
1437 2060 1630 2114 ingressus
1647 2076 1800 2114 caupo-

444 2126 541 2154 nam
557 2114 979 2159 invenit-oliverium
994 2116 1217 2157 ludentem
1229 2117 1336 2156 aleis
1353 2146 1364 2156 .
1400 2117 1528 2156 Illum
1544 2116 1711 2160 amicis,
1725 2118 1794 2157 sed

442 2168 587 2213 jocosis
602 2168 739 2209 verbis
766 2168 1088 2217 interpellavit.
1113 2168 1160 2208 In
1174 2170 1258 2210 alia
1273 2169 1462 2210 intentus
1494 2171 1619 2208 homo
1638 2193 1652 2213 ‚
1680 2170 1791 2221 quod

443 2220 555 2260 lusus
592 2229 681 2262 erat
713 2220 1023 2261 contumeliam
1057 2222 1208 2264 habuit
1220 2236 1235 2263 ,-
1259 2223 1383 2273 alapa
1410 2222 1669 2262 illudentem
1700 2233 1790 2271 per-

443 2271 586 2313 c‘uffit.
626 2273 739 2317 Hinc
770 2273 913 2320 injuste
936 2274 988 2313 ab
1016 2287 1067 2314 eo
1099 2274 1317 2315 lacessitus
1331 2301 1346 2321 ‚
1367 2274 1577 2314 continuo
1608 2273 1781 2314 domum

442 2325 572 2375 petiit
597 2356 608 2368 .
659 2326 863 2368 Armatus
903 2327 1124 2367 venatorio
1163 2327 1286 2378 igneo
1328 2328 1601 2368 instrumento
1649 2327 1788 2374 redit,

443 2389 525 2417 non
540 2378 943 2427 occidendianimo,
956 2379 1027 2421 sed
1038 2379 1263 2421 minitandi
1282 2405 1298 2426 ‚
1331 2392 1381 2420 ac
1401 2378 1641 2420 deterrendi
1672 2392 1786 2426 eum,

442 2430 512 2481 qui
527 2443 620 2483 erga
634 2432 904 2475 innocentem
917 2434 1099 2475 amicum
1114 2441 1204 2474 tam
1216 2433 1369 2474 acerbe
1383 2433 1422 2473 se
1436 2431 1612 2483 gesserat
1631 2460 1642 2471 .
1663 2430 1703 2469 Is
1719 2432 1781 2471 ul·-

438 2490 506 2522 tro
520 2485 764 2527 venientem
777 2486 923 2527 cultro
937 2494 1084 2537 parato
1097 2485 1267 2536 excepit
1279 2516 1290 2526 .
1317 2484 1422 2526 Inde
1437 2483 1594 2541 fastum
1603 2509 1616 2541 3
1636 2491 1683 2523 ut
1704 2483 1780 2524 in„

438 2541 555 2576 tanta
598 2539 940 2587 perturbatione,
963 2551 1017 2579 .ac
1037 2537 1229 2588 periculo
1246 2564 1261 2585 ‚
1287 2539 1428 2577 omnis
1457 2537 1612 2577 confiln
1641 2548 1785 2586 expers

438 2586 682 2629 oliverium
693 2592 983 2633 vulneraverit
998 2593 1041 2630 do·
1056 2605 1132 2631 una
1138 2592 1257 2640 scrita
1270 2592 1566 2637 d'archihngiata
1580 2588 1776 2630 rilevata„

435 2638 555 2686 ‘'iffi’'
566 2642 718 2690 pallini,
735 2657 755 2682 o
770 2658 856 2684 vero
869 2645 1080 2695 migliarius·
1092 2671 1106 2692 ,
1120 2649 1185 2696 qui
1192 2645 1267 2697 post
1277 2646 1399 2684 decem
1415 2643 1518 2681 horas
1535 2643 1704 2681 occubuit
1716 2671 1728 2683 .

377 2688 463 2731 ‚Ait
489 2691 562 2731 fibi
587 2692 629 2734 in
658 2706 707 2735 ea
734 2708 778 2738 re
807 2697 1062 2741 credendum
1094 2695 1174 2739 effe
1205 2726 1218 2739 .
1249 2697 1363 2739 Hinc
1405 2694 1781 2787 homicidiumlvo-

562 2756 568 2761 ¹
1710 2758 1780 2788 un..
