1889 2959
1373 180 1424 223 69

85 241 174 269 rum
201 230 373 268 duorum
403 227 452 265 ad
484 227 615 265 vitam
639 224 839 266 ‘Oratoris
859 253 868 272 ,
900 227 1189 267 assentirentur
1224 227 1420 267 Ret‘tores

84 279 456 322 Confraternitatis
476 278 846 318 Administratricis
867 292 876 317 ε
909 281 946 320 &⁷
966 280 1151 320 Vicarius
1171 280 1387 319 Generalis
1407 304 1420 324 ‚

86 333 129 373 in
169 332 348 372 absentia
378 331 692 381 Archiepiscopi
728 331 1008 372 Panormitani
1033 358 1046 378 ‚
1089 332 1323 372 testimonio
1351 332 1422 371 suo

86 383 380 434 comprobaffet
400 409 412 427 ‚
444 384 669 423 Oratorem
698 393 845 434 quarto
875 384 1255 434 Consanguinitatis
1290 385 1419 433 gradu

47 456 50 459 ·
83 438 349 484 conjunstum
368 436 444 476 effe
459 435 663 476 Testatori
684 461 697 482 ‚
729 437 928 487 tenuique
961 438 1083 477 censu
1113 437 1239 487 potiri
1267 448 1424 476 annua-

85 502 176 530 rum
209 489 497 548 duodeviginti
526 488 741 528 unciarum
761 513 773 532 ‚
803 490 947 539 quibus
976 489 1054 529 suis
1075 515 1088 535 ‚
1127 490 1290 539 suaeque
1320 501 1423 538 prte-

83 543 246 594 gnantis
266 541 435 585 Uxoris„
454 543 491 579 Sc
510 540 683 579 duarum
700 540 897 579 Filiarum
914 542 1124 581 alimentis
1139 541 1324 591 supplere
1340 553 1421 580 non

86 602 251 644 poterat
268 620 281 640 ,
311 606 381 641 pro
394 594 466 631 sua:
485 594 654 631 honestae
672 592 925 631 conditionis
939 593 1155 634 decentia,-
1186 597 1209 632 h
1217 607 1269 632 ec
1299 593 1420 632 Sacra

82 645 360 695 congregatio
377 670 389 689 ‚
420 644 472 683 ad
491 655 611 695 qnam
630 656 769 693 preces
783 657 803 683 a
821 645 931 683 dit‘to
946 646 1113 684 Summo
1132 645 1331 685 Pontifice
1362 658 1422 684 re-

82 698 205 739 miffie
237 697 428 742 fuerant,
456 696 525 736 die
554 696 684 745 prima
716 697 946 746 Septembis
971 711 1083 746 1742.
1114 698 1259 736 annuit
1279 697 1423 743 petitis

83 764 155 802 pro
170 750 264 790 solis
281 759 422 789 tamen
439 749 592 788 duobus
613 749 764 788 tarenis
788 750 969 799 qualibet
988 751 1053 789 die
1071 750 1122 788 ad
1140 748 1390 789 decennium
1407 774 1421 793 ‚

85 805 112 843 fi
126 802 269 843 tandiu
286 803 462 851 exposita
480 801 733 852 paupertatis
751 803 867 840 causa
882 801 1130 851 perduraffet
1147 829 1160 848 ,
1178 812 1222 841 ut
1238 806 1276 839 in
1290 801 1352 841 lib
1357 815 1424 848 9²·

89 859 242 896 Decret
254 864 340 905 pag.
363 868 479 903 ςς4.·
510 854 775 904 ejusdemque
806 863 944 903 gratia:
973 856 1210 905 prorogatio
1240 853 1290 893 ad
1316 853 1427 891 alind

86 908 334 949 decennium
350 907 511 947 indulta
537 906 617 945 tuit
634 919 679 946 ex
698 906 911 946 audientia
931 907 1175 946 Sant‘tifflmi
1201 906 1268 946 die
1283 918 1321 954 4.
1339 906 1429 944 Au-

85 962 185 1012 gusti
208 971 321 1007 1751.
340 983 352 1003 ‚
372 968 417 998 ut
433 963 472 997 in
492 959 557 999 lib.
570 974 656 998 101.
675 962 825 999 Decret.
842 969 923 1008 pag.
933 965 1021 1006 398.

36 1012 200 1053 Novam
215 1012 544 1061 prorogationem
564 1023 586 1050 a
617 1011 1018 1052 SANCTISSIMO
1039 1011 1289 1052 DOMINO
1320 1009 1431 1050 NO-

86 1065 234 1104 STRO
253 1065 472 1114 postulavit
490 1063 643 1102 Orator
659 1089 672 1108 ‚
702 1064 752 1103 ad
769 1064 900 1103 vitam
927 1066 1040 1103 suam
1055 1089 1068 1108 ‚
1097 1066 1346 1113 suorumque
1364 1063 1432 1102 Fi-

83 1118 267 1158 liorum‘s
297 1117 444 1155 &cum
473 1116 758 1164 postulationis
784 1117 970 1161 ejusdem
989 1117 1174 1165 cognitio
1206 1117 1431 1172 delegata-2

83 1167 224 1209 fuisset
236 1170 330 1208 huic
346 1168 473 1208 Sacrae
488 1168 812 1218 Congregationi
829 1193 841 1213 ‚
874 1167 1037 1208 Literas
1068 1168 1252 1208 exhibuit
1270 1166 1432 1211 Vicarii

84 1221 302 1261 Generalis
321 1221 602 1260 Panormitani
621 1245 633 1264 ‚
664 1220 732 1270 qui
748 1220 917 1260 Parochi
937 1221 1169 1260 testimonio
1183 1247 1195 1266 ‚
1226 1222 1264 1260 Sc
1279 1219 1433 1270 depofi·

85 1274 270 1316 tionibus
288 1272 469 1313 Testium
487 1273 565 1312 fide
583 1273 801 1322 dignorum
835 1275 1027 1313 edot‘tum
1054 1273 1092 1313 se
1120 1272 1236 1313 surse
1261 1280 1398 1314 narrat
1417 1295 1432 1315 ‚

111 1326 192 1365 uod
214 1326 371 1365 Orator
392 1325 517 1365 nullis
536 1326 771 1367 muneribus
791 1338 937 1365 vacans
957 1352 970 1371 ‚
1003 1326 1134 1365 solum
1152 1327 1276 1366 habet
1310 1327 1350 1366 in
1369 1335 1435 1362 re-

115 1379 177 1417 itu
197 1390 346 1418 annuas
381 1378 519 1418 uncias
553 1377 759 1426 sexdecim
778 1404 790 1423 ,
821 1378 1193 1427 omninoimpares
1222 1376 1434 1417 alimentis

86 1430 434 1470 subministra-ndis
453 1431 492 1470 ei
512 1455 525 1475 ‚
537 1431 703 1482 ejusque
721 1429 865 1474 Uxori,
881 1433 920 1470 Sc
939 1440 1115 1481 quatuor
1129 1431 1305 1470 Filiabus
1322 1454 1334 1476 ‚
1350 1427 1438 1480 q‘ui-

87 1483 160 1522 bus
175 1484 335 1522 onustus
354 1484 407 1522 est
427 1512 436 1522 .

39 1533 165 1576 Nunc
183 1543 325 1574 autem
355 1534 535 1582 disputat
552 1560 563 1579 ‚
591 1534 848 1584 cognationis
876 1535 1090 1573 vinculum
1107 1558 1121 1578 ‚
1149 1548 1230 1585 quo
1250 1533 1437 1584 jungitur

92 1586 296 1626 Testatori
313 1611 325 1631 ‚
353 1587 558 1625 astionem
589 1587 891 1637 quodammodo
909 1586 979 1634 ipsi
996 1587 1178 1625 tribuere
1195 1587 1244 1625 ad
1258 1587 1434 1625 alimen·-

89 1646 134 1679 ta
150 1646 295 1678 contra
324 1638 510 1687 legatum
540 1640 643 1678 asuo
662 1637 974 1688 Consanguineo
1002 1640 1197 1678 reustum
1215 1639 1401 1678 Ecclefiae
1422 1661 1436 1681 ‚

90 1691 174 1731 five
189 1690 231 1730 in
246 1691 405 1730 causam
424 1691 532 1740 piam
550 1705 563 1731 ‚·
590 1704 684 1730 cum
704 1690 888 1730 Ecclefia
904 1717 916 1735 ‚
937 1691 1144 1742 :equitatis
1161 1691 1315 1730 cultrix
1331 1716 1344 1734 ,
1375 1691 1440 1730 be-

89 1742 283 1783 neficium
300 1744 530 1792 rependere
547 1753 742 1783 teneatur
759 1769 771 1789 ‚
801 1744 839 1783 ὃς
872 1743 955 1782 illis
976 1756 1054 1783 non
1073 1744 1202 1782 solum
1220 1770 1233 1789 ‚
1262 1754 1437 1794 quorum

88 1794 232 1843 opibus
247 1795 380 1834 ditata
396 1797 448 1836 est
466 1822 479 1840 ,
497 1796 564 1836 sed
581 1795 788 1836 Uxoribus
804 1809 966 1847 quoque
984 1821 996 1841 ‚
1014 1797 1052 1836 Sc
1071 1796 1186 1835 Filiis
1207 1795 1437 1845 indigenti-

93 1849 163 1887 bus
180 1848 395 1888 subvenire
415 1874 427 1893 ‚
445 1851 533 1887 Can.
551 1850 783 1901 chmque
801 1862 864 1891 30·
881 1850 996 1899 quaest.
1004 1863 1040 1896 7.
1059 1874 1071 1893 ,
1093 1852 1137 1893 &⁴
1155 1851 1240 1898 Cap.
1258 1850 1381 1887 Nobis
1396 1849 1437 1884 in

79 1900 156 1946 fin.
169 1902 215 1938 de
235 1901 472 1959 Jurepatron.
513 1900 696 1952 Ideoque
717 1899 935 1944 defendit,
953 1901 1118 1940 facilius
1138 1900 1437 1950 indulgendam

89 1950 168 1992 esse
183 1953 361 2002 petitam
379 1954 677 2011 alimentorum
704 1954 1039 2003 prorogationem
1056 1978 1069 1996 ‚
1102 1966 1187 2003 quae
1207 1953 1434 2015 postulatur

88 2016 138 2044 ex
153 2005 314 2053 gratia·
299 2029 315 2046 ,
333 2009 428 2045 cum
447 2006 486 2044 in
502 2007 649 2055 gratiis
670 2005 933 2055 indulgendis
951 2005 1122 2055 aequitas
1142 2005 1287 2062 magis,
1308 2004 1432 2060 quam

91 2056 322 2096 summum
308 2071 372 2102 jus
389 2058 567 2106 spectare
582 2067 779 2105 oporteat
811 2070 821 2095 :
852 2059 890 2097 Sc
907 2070 954 2097 ex
973 2059 1112 2106 legato
1149 2057 1188 2094 in
1206 2054 1438 2094 subventio-

87 2119 186 2148 nem
221 2120 445 2158 pauperum
475 2110 622 2151 reli-sto
637 2135 651 2153 ‚
690 2109 1098 2156 Consanguineorum
1131 2108 1241 2154 prius
1256 2131 1269 2150 ‚
1313 2116 1437 2154 quam

90 2161 272 2202 aliorum
301 2161 542 2209 indigentiis
572 2160 893 2199 subveniendum
920 2160 968 2197 fit
993 2184 1006 2203 ,
1049 2157 1208 2196 ratione
1238 2157 1436 2196 ordinatae

90 2213 323 2271 charitatis,
341 2214 503 2252 etiamfi
518 2213 632 2252 nulla
652 2212 736 2250 illis
751 2219 1012 2259 competeret
1028 2210 1136 2248 aftio
1151 2210 1340 2248 summo
1327 2221 1437 2255 iure,

89 2273 140 2305 ut
159 2265 335 2305 innuunt
353 2265 553 2312 rescripta
571 2266 690 2310 hujus
713 2264 843 2302 Sacrae
858 2261 1204 2311 Congregationis
1219 2266 1257 2300 in
1271 2261 1437 2299 Romana

91 2318 347 2368 Subfidiorum
364 2318 559 2357 Dotalium
578 2319 781 2360 3.0.Martii
803 2321 915 2364 1748.
930 2316 1308 2364 lib.98.Decret.pag.
1321 2328 1429 2362 141⁰

92 2372 138 2415 ὁ·
165 2374 204 2409 ἑκ
216 2373 409 2411 Bononien.
427 2373 691 2420 Affignamenti
723 2383 743 2407 2
756 2382 788 2407 1.
811 2368 923 2418 Junii
952 2373 1066 2415 1760.
1099 2368 1163 2406 lib.
1173 2382 1188 2406 1
1201 2381 1260 2406 10.
1280 2369 1431 2405 Decret.

92 2431 173 2472 pag.
179 2428 268 2470 276.

45 2470 98 2511 Et
114 2476 335 2516 arbitratur
357 2503 369 2521 ‚
397 2477 509 2515 suam
528 2481 817 2524 paupertatem
834 2497 848 2517 ‚
880 2472 1076 2530 suamque
1097 2470 1433 2520 Cognationem„

98 2536 190 2565 cum
207 2528 442 2569 Testatore
435 2542 472 2567 in
489 2527 708 2566 discrimen
722 2537 849 2564 revoc
859 2537 917 2567 am
935 2536 1015 2562 non
1034 2520 1141 2571 posse
1155 2536 1170 2563 ‚·
1201 2534 1296 2561 cum
1314 2532 1431 2561 utra-

97 2587 176 2624 que
204 2579 333 2622 fuerit
361 2580 627 2623 comprobata
658 2576 895 2617 testimonio
925 2574 1083 2616 Vicarii
1114 2574 1328 2614 Generalis
1346 2599 1359 2618 ‚
1394 2576 1435 2614 Sc

99 2630 305 2678 agnitione
324 2633 544 2673 Reciorum
560 2627 923 2670 Confraternitatis
943 2639 1046 2666 anno
1063 2639 1200 2675 174²·
1190 2639 1200 2647 ·
1219 2627 1433 2676 potiusque

97 2690 306 2729 paupertas
332 2688 449 2725 auria
469 2686 545 2730 fit,
573 2686 624 2722 ob
637 2682 894 2722 senestutem
911 2679 1103 2718 Oratoris
1120 2703 1134 2723 ‚
1164 2680 1203 2720 Β(
1217 2679 1434 2719 adauctum

96 2743 309 2774 numerum
328 2739 412 2783 ejus
432 2738 661 2778 Filiarum·
647 2760 662 2777 ‚
680 2745 804 2787 quare
821 2731 1007 2784 probatio
1023 2757 1036 2779 ‚
1064 2744 1151 2782 quae
1169 2731 1265 2772 satis
1284 2731 1434 2822 fuitbad

1327 2797 1352 2822 o
1381 2791 1436 2822 ti-
