1919 2964
526 244 539 267 τ
552 245 567 268 1
584 246 602 278 ψ
972 270 975 273 .
1212 273 1215 274 ⁷

106 286 201 324 Sfl‘x.
223 291 417 328 2e,c12p.5.
568 279 753 322 OMEN.
810 279 998 319 Clericus
1024 281 1159 332 Joseph
1190 282 1385 330 Stoppani
1402 295 1463 323 -ex
1482 286 1723 322 Valletellina
1753 283 1846 322 lo'co

81 341 124 376 de
139 342 342 389 Refirfsmt.
579 335 760 384 Crosupto
779 335 918 371 Cmm.
950 333 1102 385 diaecesis
1134 335 1306 382 postulat
1326 361 1336 380 ‚
1367 344 1411 384 ut
1435 336 1512 375 tria
1543 336 1835 377 ecclesiastica-

517 385 948 427 beneficiafamiliaria
966 411 978 432 ‚
1012 386 1280 437 quaepoffidet
1299 413 1309 433 ,
1337 387 1533 438 aliudque
1559 390 1717 434 limile,
1743 388 1841 426 dum
1866 386 1871 389 '

512 439 727 480 vacaverit
745 464 758 482 2
775 452 859 490 quae
875 438 1044 480 Marcus
1062 439 1290 486 Stoppanus
1323 451 1421 478 avus
1435 439 1624 481 fundavit
1642 468 1655 486 ‚
1675 442 1758 491 ipse
1775 453 1838 478 re-

510 492 645 532 tinere
665 492 784 544 poffit
799 493 926 533 titulo
941 491 1455 535 administrationis,etiam
1473 493 1514 531 in
1524 495 1624 532 statu
1637 493 1839 543 conjugii,-

509 544 640 587 donec
675 545 826 597 aliquis
856 545 955 584 suus·
978 545 1087 586 filius
1118 554 1245 591 capax
1273 544 1343 583 fiat
1375 558 1420 584 ea
1448 545 1642 586 beneficia
1665 545 1714 584 in
1742 546 1844 584 titu-

506 598 592 636 lum
608 597 842 647 assequendi
857 610 872 639 5
902 599 1105 647 recipiens
1122 597 1161 637 se
1179 609 1303 636 onera
1321 599 1458 636 omnia
1489 598 1663 638 interim*
1690 597 1839 646 imple-

506 659 644 689 turum
660 681 669 691 .
693 651 949 692 Petitionem
971 651 1184 701 impugnat
1199 649 1358 700 Joannes
1375 652 1536 700 Baptista
1554 648 1692 690 fratris
1707 649 1832 694 filius,

502 716 548 743 ac
571 702 801 744 fundatoris
822 715 1022 752 pronepos
1038 728 1050 747 ‚
1082 713 1156 741 nec
1173 714 1251 741 non
1268 703 1340 741 alii
1358 703 1539 748 ejusdem
1558 702 1728 742 familiae
1744 727 1757 746 ‚
1787 713 1833 740 ex

500 755 636 795 Marci
669 754 901 796 fundatoris
939 755 1135 796 fratribus
1177 754 1473 795 descendentes
1508 785 1517 796 .
1561 755 1666 807 Juffu
1699 752 1835 792 SAN-

500 807 753 849 CTISSIMI
784 809 836 846 de
853 820 897 847 ea
920 821 962 847 re
979 807 1206 854 disputatio
1221 808 1499 858 cognoscenda
1515 807 1773 857 proponitur.

447 860 480 900 A
493 860 622 910 llegat
657 873 728 909 pro
744 861 784 900 se
803 861 938 910 ‘Joscph
952 859 1088 901 facere
1106 861 1197 906 jura
1212 860 1350 899 omnia
1367 884 1379 904 ‚
1396 873 1482 911 quae
1503 861 1541 900 in
1556 859 1754 899 fimilibus
1770 869 1834 896 ca-

499 913 600 951 fibus
635 911 771 953 afferri
796 914 956 953 solent:
985 914 1095 952 suam
1122 922 1416 961 paupertatem
1450 915 1660 963 probatam
1676 909 1753 951 effe
1785 922 1833 950 ex

498 966 664 1004 testibus
688 991 701 1011 ‚
729 966 766 1005 ὅ(
802 966 986 1015 Episcopi
1015 964 1322 1006 affirmatione:
1351 965 1686 1006 descendentiam
1703 976 1723 1002 a
1740 962 1833 1002 fun-

498 1018 644 1056 datore
662 1031 739 1057 avo
770 1018 1036 1059 certiffimam
1067 1030 1076 1059 :
1105 1017 1423 1058 succurrendum
1455 1016 1534 1059 effe
1565 1014 1833 1058 descendenti

498 1070 608 1119 inopi
636 1083 687 1109 rex
707 1071 903 1110 canonica
922 1071 1180 1121 benignitate
1211 1085 1291 1109 can.
1310 1082 1438 1110 contra
1456 1077 1519 1112 26.
1551 1080 1588 1115 5.
1605 1073 1655 1109 Si
1670 1073 1769 1112 vcro,
1787 1070 1830 1112 &-

497 1137 577 1161 can.
598 1127 811 1174 quicumque
832 1125 1007 1174 30.causa
1028 1128 1086 1163 16.
1103 1124 1472 1175 quaest,7.cap.N0bis
1485 1127 1530 1163 de
1538 1123 1827 1178 jurepatronat.,

499 1177 537 1215 ἃ
556 1188 601 1214 ex
623 1186 764 1216 mente
779 1177 860 1225 ipsa
881 1175 1172 1221 fundatorum,
1206 1176 1277 1226 qni
1295 1178 1383 1215 suos
1397 1177 1502 1216 filios
1520 1203 1533 1222 ‚
1564 1177 1632 1216 vel
1651 1182 1825 1222 nepotes

495 1229 673 1277 egestate
690 1228 791 1269 olim
814 1230 1068 1269 laboraturos
1085 1241 1163 1269 non
1182 1228 1461 1280 praeviderunt
1475 1256 1486 1277 ‚
1504 1241 1639 1282 neque
1655 1237 1700 1266 ut
1716 1227 1830 1266 labo-

498 1290 638 1321 rarent
656 1282 951 1331 permitterent
969 1281 1093 1320 modo
1111 1311 1122 1323 ,

446 1332 547 1371 Rem
564 1331 641 1372 esse
662 1334 817 1379 dejure
835 1343 1076 1382 patronatus
1095 1335 1212 1372 aflivo
1248 1334 1417 1379 laicali,
1446 1336 1485 1377 Sc
1516 1335 1568 1374 de
1583 1336 1709 1383 paffivo
1742 1342 1824 1370 non

496 1385 769 1430 sacerdotali,
802 1399 875 1425 nec
915 1386 1175 1425 refidentiam
1206 1388 1446 1437 requirente
1460 1401 1474 1427 ‚-
1506 1387 1545 1426 in
1576 1387 1720 1435 quibus
1750 1384 1827 1422 cir·-

492 1438 748 1477 cumstantiis
779 1449 855 1475 non
875 1436 1007 1477 deesse
1023 1439 1211 1487 exempla
1228 1439 1429 1484 ejusmodi
1447 1438 1793 1488 dispensationum
1806 1461 1821 1481 ‚

493 1490 576 1529 five
592 1502 637 1528 ex
658 1490 777 1529 Sacra
795 1490 1126 1541 Congregatione
1144 1517 1157 1536 ‚
1188 1501 1232 1529 ut
1252 1492 1289 1530 in
1306 1494 1504 1540 Segovien.
1525 1490 1743 1540 capellania
1761 1502 1821 1535 17.

491 1544 724 1581 Novembris
749 1556 817 1589 173
832 1557 861 1582 1.
880 1570 892 1588 ‚
912 1544 993 1582 five
1010 1556 1055 1583 ex
1071 1547 1236 1585 Dataria
1250 1545 1485 1593 Apostolica
1504 1569 1517 1589 ‚
1548 1545 1666 1590 cujus
1689 1553 1826 1582 exem·-

494 1596 611 1643 plnm
630 1594 747 1634 affert
766 1624 774 1634 .
809 1596 887 1634 Eos
905 1621 917 1640 ‚
936 1596 1005 1646 qui
1024 1596 1315 1637 contradicunt
1332 1621 1346 1641 ‚
1383 1597 1483 1638 duos
1512 1595 1591 1637 effe
1622 1608 1668 1635 ex
1685 1594 1826 1634 fratri-

492 1650 563 1687 bus
581 1647 808 1686 fundatoris
829 1673 841 1692 ‚
872 1661 949 1687 non
971 1649 1020 1687 ab
1036 1662 1086 1688 eo
1101 1649 1396 1689 descendentes
1413 1675 1426 1694 ‚
1443 1649 1572 1688 alium
1590 1661 1689 1689 vero
1710 1647 1826 1697 Joan-

493 1714 572 1738 nem
586 1702 783 1749 Baptistam
799 1726 811 1745 ‚
842 1699 1072 1740 fundatoris
1088 1711 1360 1750 pronepotem
1380 1715 1395 1743 ,-
1426 1704 1465 1742 se
1484 1711 1681 1748 nepotem
1711 1712 1760 1739 ex
1776 1700 1824 1739 fi-

491 1752 552 1791 lio
567 1777 578 1796 ‚
612 1751 785 1803 ideoque
802 1753 932 1802 magis
948 1752 1150 1793 dilectum
1168 1779 1180 1797 ‚
1207 1765 1251 1792 ac
1285 1753 1581 1802 praeferendum
1601 1782 1612 1792 .
1644 1752 1825 1799 Tempo-

493 1804 644 1844 rariam
663 1806 766 1847 hanc
789 1803 865 1846 csse
881 1805 1230 1853 dispensationem
1248 1830 1261 1850 ‚
1279 1819 1355 1844 non
1375 1815 1617 1855 perpetuam
1635 1829 1649 1848 ‚
1677 1804 1825 1853 quous·

494 1869 573 1906 que
587 1856 739 1907 aliquis
756 1882 768 1902 ,
799 1857 867 1907 qui
897 1869 943 1896 ex
962 1858 1243 1897 contrahendo
1271 1859 1464 1908 conjugio
1490 1857 1559 1896 fibi
1575 1857 1818 1896 adnascatur

490 1909 600 1948 filius
617 1933 629 1951 ‚
668 1920 793 1955 capax
807 1908 876 1948 fiat
896 1933 908 1952 ‚
939 1910 1006 1960 qui
1021 1919 1136 1948 certe
1154 1910 1248 1947 aliis
1268 1909 1543 1956 praeferendus
1559 1909 1658 1948 estet
1676 1938 1687 1947 .
1718 1909 1822 1948 Fun-

492 1964 681 2000 datorem
702 1961 831 2008 ipsum
848 1961 897 2000 ad
916 1974 961 2001 ea
987 1961 1182 2001 beneficia
1194 1962 1417 2003 obtinenda
1435 1974 1581 2011 pueros
1609 1973 1655 2001 ex
1672 1961 1738 2000 sua
1763 1961 1820 2000 fa-

492 2014 610 2052 milia
626 2013 754 2053 etiam
771 2014 985 2062 septennes
1000 2013 1195 2054 admifisse
1214 2014 1414 2054 ‚Demum
1433 2015 1539 2054 inter
1557 2026 1604 2053 ea
1615 2014 1821 2053 recenseri

492 2065 735 2105 beneficium
748 2076 1025 2115 nuncupatum
1030 2067 1351 2116 scholasticum‚ex
1366 2068 1447 2116 ipsa
1461 2068 1553 2117 lege
1565 2065 1821 2106 fundationis

491 2118 659 2209 {tiama
675 2119 795 2158 laicis
808 2119 1073 2162 retinendum
1090 2149 1100 2161 .
1131 2119 1305 2172 Reliqua
1335 2120 1512 2162 videnda
1525 2119 1619 2160 sunt
1649 2131 1697 2159 ex
1729 2121 1817 2164 ejus

511 2181 656 2220 criptls
673 2202 683 2213 ·

440 2226 595 2266 Contra
613 2224 773 2274 Joannes
788 2226 949 2275 Baptista
967 2224 1165 2274 Stoppani
1182 2224 1410 2265 fundatoris
1427 2236 1645 2277 pronepos,⁴
1659 2224 1817 2276 aliique

493 2276 676 2321 ejusdem
707 2276 874 2316 familiae
903 2278 1018 2322 ajunt
1049 2279 1111 2327 agi
1144 2277 1194 2316 de
1211 2278 1418 2318 beneficiis
1435 2278 1712 2317 ecclefiast'lcis
1727 2289 1816 2316 ere·-

495 2328 571 2368 &is
589 2329 781 2377 legitima
799 2329 1048 2369 auctoritate
1064 2359 1073 2368 .
1092 2329 1158 2369 Ad
1171 2342 1218 2371 ea
1237 2330 1476 2378 incapacem
1493 2328 1571 2369 esse
1585 2329 1817 2381 quemlibet

494 2381 646 2422 laicum
663 2379 928 2432 affequenda:
960 2381 1129 2421 retineri
1145 2391 1287 2422 autem
1303 2382 1344 2423 iu
1362 2384 1463 2422 statu
1477 2382 1681 2432 conjugali
1702 2393 1819 2421 exor-

494 2434 623 2474 bitare
639 2435 684 2473 ab
699 2434 812 2474 omni
825 2435 916 2483 jure
931 2446 1159 2476 canonum:
1183 2435 1284 2476 mali
1301 2435 1479 2487 exempli
1496 2433 1574 2475 effe
1589 2458 1604 2478 ‚
1635 2445 1710 2473 nec
1725 2446 1815 2485 per-

495 2486 749 2528 mittendum
765 2515 775 2526 .

443 2538 673 2579 Praesertim
703 2538 798 2589 quia
826 2538 1017 2591 legitime
1049 2537 1118 2587 ipsi
1145 2540 1438 2582 contradicunt
1463 2566 1478 2586 ‚
1506 2551 1678 2591 quorum
1709 2540 1817 2580 sum-

495 2602 664 2636 mopere
684 2591 846 2631 interest
861 2617 873 2636 ,
902 2605 952 2632 ne
967 2591 1237 2641 permittatur
1255 2621 1266 2634 .
1295 2593 1378 2642 Agi
1393 2593 1443 2633 de
1455 2591 1632 2632 aliorum
1651 2591 1816 2631 damno:

496 2643 537 2681 se
558 2644 740 2692 Joannem
757 2645 955 2694 Baptistam
966 2644 1172 2684 testatoris
1189 2655 1459 2694 pronepotem
1478 2644 1818 2704 Qdilefium‚

497 2706 544 2732 ac
562 2705 756 2734 vocatum
772 2721 783 2740 ‚
815 2698 852 2737 &
866 2698 938 2737 cui>
954 2697 1100 2736 saltem
1115 2698 1230 2738 nulla
1246 2698 1404 2738 ratione
1420 2696 1518 2737 esset
1544 2697 1816 2747 praeferendus

498 2746 650 2795 Josephi
667 2747 832 2788 futurus
859 2748 968 2789 filius
987 2773 999 2792 ‚
1031 2748 1114 2788 imo
1129 2749 1415 2798 posthabendas
1443 2757 1586 2794 certe,
1613 2749 1682 2790 cui
1710 2752 1814 2789 nunc

490 2799 578 2839 haec
595 2799 790 2840 beneficia
816 2813 886 2852 per
904 2802 1104 2841 summam
1135 2802 1327 2849 injuriam
1356 2803 1686 2844 reservarentur:
1712 2801 1815 2892 algos

1678 2879 1680 2881 .
1780 2865 1823 2893 e-
