1919 2964
574 144 620 177 82

144 180 327 228 sesua.
356 188 480 231 eam.
633 190 852 230 SSISIEN.
905 189 1413 236 COMMUTATIONJS
1470 196 1886 239 VOLUNTAUS.

142 235 186 271 de
202 234 358 282 Reform.

660 243 905 282 sodalitium
926 243 1062 284 Tertii
1079 247 1246 286 Ordinis
1279 247 1316 286 S.
1353 248 1552 290 Francisci
1571 277 1583 297 ‚
1620 249 1727 302 quod
1756 251 1888 290 Affifii

568 297 620 332 est
638 322 649 339 ‚
673 297 725 333 ob
740 295 921 335 defectos
939 297 1071 344 primo
1087 299 1288 340 institutos
1307 325 1318 344 ‚
1337 314 1383 340 ac
1401 303 1628 342 substitutos
1643 329 1654 349 ,
1674 305 1889 342 haeredita-

563 356 649 385 tem
677 349 800 397 Rosmi
814 351 859 386 de
874 351 1011 398 Rosmis
1044 356 1088 390 ex
1106 354 1349 393 testamento
1363 355 1574 404 acquisivit
1593 381 1604 400 ‚
1633 368 1752 406 quam
1770 354 1883 395 non„

561 411 685 446 parvo
702 413 721 438 a
742 410 929 451 tempore
946 405 1101 443 retinet
1123 433 1132 442 .
1152 406 1298 446 Preces
1316 406 1388 446 dat
1402 419 1524 451 nunc,
1539 416 1584 446 ut
1599 418 1884 449 commutetur

559 454 763 491 testatoris
782 456 972 494 voluntas
1000 457 1049 495 de
1069 457 1247 507 quodam
1276 460 1480 499 testatoris
1510 459 1650 508 legato
1666 489 1675 498 .
1709 461 1774 500 De
1806 464 1884 501 hac

562 507 890 547 commutatione
902 509 1102 558 agendum
1118 511 1170 548 est
1188 540 1198 549 .

511 554 733 598 'testatoris
750 561 942 600 voluntas
959 561 1020 600 his
1039 562 1169 601 verbis
1181 572 1381 611 concepta
1399 565 1450 604 est
1468 588 1480 608 ‚
1512 563 1601 613 resta
1618 587 1632 607 a
1662 565 1723 601 che
1752 565 1882 612 ’'osac-

559 613 617 646 cia
631 610 795 650 un'altro
809 613 923 662 legato
932 618 990 664 pio
1005 640 1017 659 ‚
1045 629 1064 652 e
1075 623 1242 664 perpetuo
1257 642 1270 662 ‚
1297 617 1329 652 il
1338 617 1442 667 quale
1454 621 1570 665 primo
1589 620 1627 653 in
1639 620 1848 661 intenzione
1861 643 1875 661 ,

560 675 618 699 ma
633 666 671 700 in
686 665 892 712 esecuzione
918 669 961 705 ho
974 668 1151 715 rt‘siervato
1173 678 1238 718 per
1250 669 1377 707 ultimo
1391 695 1403 715 ‚
1435 671 1535 707 accio
1565 680 1806 707 tenacemente
1826 669 1882 718 fia

555 718 622 764 piic
632 717 792 765 impreffb
807 717 904 756 nella
917 724 1086 758 memoria
1099 720 1161 758 del
1176 725 1243 759 mio
1260 725 1365 760 erede
1375 732 1439 771 pro
1457 730 1610 770 tempore
1627 751 1637 760 .
1655 721 1779 770 Luscio
1790 723 1881 758 dun*

559 781 627 818 que
635 770 668 818 si
684 771 789 807 diano
797 780 863 819 per
878 775 992 810 carita}
1007 775 1399 823 anntmtamentescudi
1413 777 1644 824 venticinque
1674 776 1722 811 ad
1734 776 1879 821 {ungia-

558 834 656 858 vane
669 847 682 866 ‚
711 825 835 872 chesta
846 826 940 862 abile
954 851 966 870 ,
990 827 1036 862 ed
1050 826 1154 863 abbia
1168 827 1312 865 volonta*
1340 829 1380 865 di
1395 827 1582 864 attendere
1609 826 1676 863 alli
1696 826 1814 875 studii
1841 826 1884 862 di

548 873 707 923 filosbfia
723 898 736 918 ,
764 890 782 913 e
799 876 948 926 teologs'a
964 882 1001 915 in
1017 879 1177 927 Peragia
1192 905 1204 924 ,
1234 893 1254 917 e
1258 880 1370 925 finito
1385 879 1415 917 il
1428 879 1520 926 corso
1535 880 1595 915 dei
1607 879 1766 928 predetti
1775 875 1883 930 studj

557 927 676 975 ‘voglio
692 952 706 971 ‚
735 941 754 965 e
770 928 876 976 luscio
894 955 907 973 ‚
936 932 999 968 che
1024 929 1209 970 nell'anno
1235 933 1443 970 immediate
1451 931 1624 980 seguente
1647 928 1706 979 gli
1725 932 1757 978 fi
1773 933 1880 969 diano

554 983 757 1028 parimente
775 989 841 1029 per
854 981 1037 1034 elemosina
1039 984 1154 1031 scudi
1167 995 1289 1022 trenta
1305 1011 1316 1029 ,
1346 985 1447 1035 quali
1454 983 1606 1032 secondo
1639 983 1677 1020 la
1690 983 1880 1032 consuetu-

557 1033 643 1068 dine
658 1055 671 1076 ν
687 1035 736 1071 ed
749 1034 960 1083 ejspcrienza
964 1037 1054 1085 sono
1071 1038 1418 1087 appienosufficienti
1427 1046 1493 1085 per
1508 1037 1613 1072 detta
1622 1036 1802 1083 funzione

555 1085 615 1121 Di
624 1087 691 1133 pit?
702 1098 856 1125 ‹tv-verto
870 1114 881 1133 ,
909 1090 972 1127 che
990 1089 1033 1138 se
1049 1089 1135 1137 dopo
1162 1091 1191 1127 il
1208 1091 1302 1140 corso
1331 1089 1424 1127 delli
1429 1086 1536 1141 studj
1565 1087 1672 1126 alcun
1699 1088 1876 1137 legatario

550 1150 622 1174 -non
634 1136 768 1187 voleste
794 1142 982 1191 dottorarfi
994 1165 1006 1184 ‚
1038 1140 1155 1189 voglio
1169 1166 1182 1186 ‚
1207 1144 1270 1181 che
1287 1144 1343 1192 fia
1369 1151 1493 1179 tenuto
1507 1145 1546 1178 in
1554 1142 1636 1185 soro
1650 1143 1875 1190 confiientiae

554 1203 576 1226 a
591 1190 772 1239 restituire
788 1193 826 1229 al
839 1197 908 1230 mio
925 1193 1033 1232 erede
1052 1202 1117 1241 pro
1133 1204 1284 1244 tempore
1309 1204 1441 1245 quanto
1465 1194 1511 1229 ha
1527 1194 1692 1231 ricevuto
1720 1196 1759 1230 in
1769 1194 1874 1231 virt&

552 1241 594 1278 de·
607 1243 727 1292 questo
737 1249 805 1282 mio
820 1246 936 1295 legato
953 1273 966 1291 ,
995 1261 1013 1283 e
1021 1246 1055 1295 fi
1067 1246 1293 1295 distribuisca
1307 1261 1326 1284 a
1339 1248 1466 1296 paveri
1482 1244 1580 1282 della
1593 1247 1686 1282 cittd
1714 1246 1875 1285 abitanti

549 1294 648 1332 nella
672 1298 841 1345 parochia
864 1299 962 1336 della
991 1298 1108 1345 chiesa
1138 1300 1321 1338 cattedrale
1347 1297 1403 1338 col
1431 1296 1591 1347 configlio
1620 1297 1710 1335 delli
1726 1299 1877 1346 Signori

549 1345 754 1395 Eficutori‚
773 1352 819 1386 ed
831 1355 1033 1389 intervento
1049 1351 1138 1388 delli
1153 1354 1223 1389 due
1240 1355 1371 1391 Curati
1383 1353 1423 1387 di
1435 1352 1537 1386 detta
1548 1351 1874 1396 parocchia,aven-

550 1401 597 1435 do
606 1404 692 1447 pero
706 1405 883 1451 riguardo
898 1404 971 1440 alla
990 1403 1128 1452 qualita*
1145 1405 1239 1442 delle
1247 1404 1395 1453 peffotte
1409 1401 1522 1449 insar
1535 1401 1653 1450 questa
1666 1401 1850 1450 elemofina
1860 1431 1872 1442 .

549 1451 585 1490 E
597 1456 737 1500 quando
761 1456 950 1503 occorrqsse
963 1454 996 1491 il
1010 1457 1087 1505 caso
1102 1480 1115 1499 ‚
1144 1458 1207 1494 che
1223 1457 1282 1494 nel
1298 1464 1411 1504 tempo
1428 1463 1615 1504 opportuno
1642 1455 1684 1490 di
1689 1452 1875 1500 for'elez-

549 1505 658 1546 zione
672 1506 734 1543 del
744 1522 858 1546 nuovo
868 1509 1036 1559 studente
1057 1517 1121 1557 per
1129 1509 1407 1557 gl²annifuturi
1431 1507 1537 1555 nansi
1550 1506 1709 1555 tro-vasio
1733 1515 1800 1556 per
1815 1506 1874 1545 al-
1902 1522 1907 1531 ¹

549 1555 799 1607 lora—loggetto
815 1561 940 1598 idoneo
957 1585 970 1604 ‚
998 1561 1115 1609 voglio
1127 1571 1193 1610 per
1208 1561 1324 1613 quello
1331 1561 1468 1610 spazjo
1482 1562 1522 1597 di
1535 1568 1648 1608 tempo
1663 1570 1818 1604 vacante
1831 1560 1874 1598 da·

547 1608 765 1661 legataiiofi
778 1614 886 1650 diano
902 1622 967 1661 per
979 1613 1160 1662 elemosina
1170 1622 1234 1662 pro
1254 1623 1337 1652 rata
1353 1638 1366 1657 ‚
1383 1612 1574 1660 cioe‘scgedi
1592 1613 1662 1650 due
1676 1611 1707 1649 il
1721 1611 1812 1660 mese
1835 1613 1871 1661 fi

546 1662 819 1710 distribuiscono
848 1669 885 1702 ai
894 1668 1020 1714 poveri
1034 1666 1242 1714 sopradetti
1257 1692 1271 1712 ,
1297 1666 1500 1714 facendone
1530 1678 1659 1703 ancora
1677 1672 1788 1714 parte
1802 1665 1873 1704 alla·

546 1714 630 1754 PP.
647 1714 847 1763 Rifbrmatt’
863 1741 876 1761 ,
894 1732 913 1754 e
931 1719 1148 1766 Cappuccinj
1161 1746 1171 1756 .

495 1766 690 1807 Secundis
711 1780 809 1818 quas
826 1767 930 1806 fecit
945 1769 1094 1807 tabulis
1115 1769 1300 1818 legatum
1316 1771 1393 1808 hoc
1411 1767 1669 1809 confirmavit
1683 1780 1700 1808 5
1713 1767 1871 1816 praesta-

541 1817 701 1858 tionem
717 1832 892 1860 annuam
908 1820 957 1858 ad
972 1819 1086 1859 scuta
1106 1821 1278 1870 triginta
1302 1821 1468 1860 adauxit
1483 1846 1496 1866 ‚
1525 1819 1719 1860 sexennio
1742 1819 1867 1858 dura-

538 1879 674 1910 turam
690 1884 763 1921 pro
779 1873 966 1922 quolibet
983 1873 1136 1916 juvene
1152 1898 1164 1917 ‚
1183 1874 1252 1922 qui
1268 1873 1505 1922 'eligeretur
1524 1896 1538 1917 ‚
1567 1870 1867 1918 fidejuffionem

537 1924 585 1962 ab
601 1936 651 1963 eo
664 1924 922 1974 praestandam
940 1924 1078 1964 voluit
1104 1924 1154 1964 de
1174 1924 1446 1973 adimplendis
1465 1924 1514 1962 iis
1534 1949 1546 1968 ‚
1576 1936 1662 1974 quae
1680 1922 1868 1969 jusserat,

534 1976 574 2018 δε
592 1977 684 2016 casu
700 1989 780 2028 quo
808 1976 997 2017 lauream
1031 1989 1111 2016 non
1130 1975 1338 2024 acciperet
1352 2003 1365 2023 ,
1395 1976 1447 2016 de
1475 1976 1726 2016 restituenda
1753 1975 1868 2016 omni

533 2028 708 2077 pecunia
723 2054 735 2074 ‚
767 2043 785 2067 e
802 2030 920 2079 questa
935 2040 1073 2067 moneta
1080 2030 1135 2076 sia
1150 2029 1331 2079 applicata
1346 2029 1411 2068 dal
1426 2031 1494 2067 mio
1511 2030 1616 2066 erede
1623 2037 1688 2078 pro
1700 2037 1858 2078 tempore

527 2088 594 2131 per
608 2083 690 2119 dote
707 2083 747 2118 di
761 2095 835 2120 una
844 2092 980 2132 povera
996 2082 1128 2127 zitella
1148 2107 1159 2126 ,
1190 2095 1247 2119 ma
1264 2093 1411 2120 onorata
1427 2107 1440 2127 ‚
1470 2082 1517 2119 ed
1528 2083 1569 2118 in
1585 2091 1701 2126 tanto,
1720 2081 1786 2118 che
1799 2095 1866 2119 na-

522 2133 587 2182 sce
614 2134 817 2183 l'occafione
836 2137 871 2186 fi
884 2136 1029 2185 depositi
1041 2135 1100 2173 nel
1111 2137 1237 2173 Monte
1263 2135 1364 2172 della
1378 2135 1489 2174 Picto
1503 2161 1515 2173 .
1549 2132 1602 2172 Iis
1617 2146 1666 2172 au
1673 2142 1777 2178 tem,
1790 2133 1861 2183 qui

529 2187 669 2226 omnia
688 2187 967 2236 impleverant
983 2187 1151 2226 Perufiae
1170 2212 1183 2232 ,
1213 2187 1344 2227 etiam
1370 2188 1556 2236 legatum
1586 2185 1860 2226 habitationis

529 2248 737 2287 perpetuae
759 2240 799 2278 in
818 2239 980 2289 propria
994 2240 1117 2279 domo
1133 2238 1331 2285 Affifienfi
1347 2237 1520 2289 legavit.
1786 2287 1795 2295 .
1827 2287 1835 2293 ι

482 2290 694 2339 Supplicat
716 2293 855 2341 itaque
871 2291 1120 2331 Sodalitium
1154 2294 1279 2331 haeres
1295 2315 1308 2335 ‚
1337 2292 1404 2330 cui
1423 2289 1623 2330 comitem
1654 2290 1696 2330 se
1712 2287 1864 2336 adjicit

527 2342 676 2382 civitas
690 2342 909 2384 Affifienfis
928 2367 942 2387 ‚
969 2347 1068 2382 accio
1084 2345 1330 2383 commutando
1356 2343 1394 2381 la
1411 2344 1553 2382 volonto
1573 2343 1636 2381 del
1660 2342 1864 2392 testator0

525 2394 652 2445 Rqsmi
669 2396 866 2446 lasudetta
879 2410 1000 2435 annua
1006 2397 1144 2445 somma
1157 2397 1198 2434 di
1208 2397 1320 2444 feudi
1349 2406 1469 2435 trenta
1489 2396 1592 2446 possa
1618 2399 1658 2434 in
1674 2394 1861 2434 avvenire

526 2450 682 2498 erogarfi
695 2452 734 2488 in
749 2463 869 2487 annua
877 2451 1080 2500 promfione
1094 2450 1134 2487 di
1151 2462 1198 2487 un
1215 2450 1361 2499 maestro
1378 2450 1418 2487 dt·
1435 2449 1536 2499 legge
1547 2448 1698 2493 civile‚e
1711 2448 1856 2484 canoni·
1909 2492 1919 2498 ἱ

524 2515 565 2540 ca
581 2503 629 2540 da
645 2502 814 2552 eleggersi
829 2502 1045 2550 daifratelli
1061 2506 1141 2552 ogni
1155 2515 1243 2541 anno
1258 2512 1324 2553 per
1339 2505 1418 2541 voti
1424 2502 1566 2551 segreti
1578 2528 1589 2538 .

471 2552 620 2593 Causas
638 2555 979 2595 commutationis
1007 2554 1246 2595 sodalitium
1264 2554 1457 2604 proponit
1473 2576 1486 2598 ‚
1517 2551 1608 2601 qsu’r
1622 2550 1776 2600 riuscita
1803 2549 1848 2587 di

516 2616 616 2655 poco,
634 2620 650 2643 o
665 2612 752 2645 niun
766 2608 892 2646 valore
906 2609 943 2646 la
960 2610 1073 2647 buono
1087 2611 1297 2654 intenzione
1308 2608 1369 2647 del
1380 2607 1548 2656 testatore
1562 2627 1575 2649 ‚
1593 2614 1732 2642 mentre
1750 2601 1854 2640 molta·

521 2659 743 2706 deigiovani
760 2665 935 2699 nominati
950 2663 1065 2699 hanno
1077 2660 1176 2710 preso
1189 2661 1226 2699 la
1240 2663 1343 2699 detta
1360 2672 1478 2699 annua
1487 2659 1624 2706 somma
1660 2655 1764 2706 disc.
1783 2666 1851 2698 30.

515 2709 964 2765 pergl'anniseistabiliti
979 2714 1103 2765 senza
1130 2727 1221 2755 aver
1229 2713 1336 2765 presa
1364 2711 1403 2751 Ia
1428 2709 1555 2752 laurea
1585 2708 1851 2799 dottoralzhg:
