1889 2959
1385 158 1429 187 13

100 194 260 237 h'mites
277 192 476 243 parochiae
492 194 841 244 Engelschiii'cherfix
855 218 868 238 ‚
905 206 990 245 quae
1007 195 1113 234 horre
1131 195 1283 236 itinere
1309 195 1356 235 ab
1370 210 1433 237 ec-

99 259 217 287 cleda
245 247 468 288 parochiali
501 248 646 287 ditat,¹
674 248 762 293 jure
781 257 920 287 tamen
947 248 1045 291 fibi,
1074 250 1111 287 St
1142 246 1431 289 successoribus

101 299 560 354 reservato-nominandi
577 300 829 342 sacerdotem
847 324 870 343 ‚2>
889 300 958 349 qui
973 300 1296 349 fingulisdiebus.
1323 300 1429 341 festis

101 352 254 394 sacrum
272 353 442 395 iaceret,
456 362 688 400 opportune
707 365 778 399 pro
798 353 1033 392 accolarum
1066 353 1306 393 commodos
1335 366 1434 392 con-

100 403 259 449 cionem‘
280 407 453 445 haberet
469 431 482 449 ‚
511 406 886 454 &rpostmeridiem
902 416 973 455 per
990 405 1192 459 integram
1210 409 1351 450 horam
1370 408 1435 451 ju·
1487 412 1496 451 .’

99 467 225 500 venes
241 462 290 501 de
303 458 396 498 fidei
413 457 660 498 rudimentis
679 459 890 498 instrueret
905 487 915 496 .

50 503 305 555 supplicavit
347 510 501 550 deinde
539 510 927 551 SANCTlSSIMO
971 523 1043 557 pro
1082 511 1392 552 confirmatione
1420 541 1431 552 .

96 561 207 606 Hinc
225 564 388 606 auditus
405 561 609 603 Officialis
639 563 854 602 Colonien.
870 594 880 603 .
908 562 990 602 Hic
1025 564 1065 603 in
1080 576 1230 613 genere
1254 565 1431 612 primum

97 618 407 663 revocationem
429 615 617 661 probavit
630 641 648 660 ,.
668 615 737 655 sed
756 615 840 654 alio
855 615 976 653 modo
1002 616 1250 655 existimavit
1274 616 1430 655 reditus

100 668 423 719 impendendos:
452 667 521 718 qui
561 666 705 707 modus
749 681 847 707 cum,
872 668 1022 707 Carolo
1049 680 1125 706 non
1145 667 1324 708 arriserit
1341 693 1354 712 ‚
1385 679 1429 705 ac

99 728 235 771 potius
254 719 458 761 'alta-huic
484 721 617 762 Sacrae÷
636 720 955 771 congregationi
981 720 1265 767 proposuerit,
1295 719 1431 759 denuo

101 773 306 813 Officialis
338 773 614 821 interrogatus
644 773 697 811 est
715 803 724 812 .
758 773 794 811 Is
815 786 836 813 a
853 773 983 820 prima
1000 772 1176 813 variavit
1195 771 1399 812 sententia
1415 784 1430 810 ‚·

100 826 158 865 ait
173 836 319 866 nempe
338 850 351 870 ‚
381 825 487 875 quod
503 823 643 863 Caroli
661 825 1049 873 petitioniobstaret
1077 823 1290 864 revocatio
1322 822 1431 863 saffra

99 889 122 917 a
140 877 357 925 majoribus
374 889 478 917 anno
500 882 612 919 1633.
628 889 643 916 5
663 877 769 928 quod
784 890 874 918 ann.
897 877 1040 916 floren.
1063 889 1147 915 aur.
1171 875 1432 926 quadraginta

97 929 184 969 dari
215 931 412 970 deberent
441 928 681 976 pauperibus
716 930 915 979 parochiae
947 959 956 968 .
1005 929 1147 967 Multa
1175 928 1266 966 inde
1294 927 1431 970 dicit,

100 981 138 1020 in
157 982 334 1031 partium
349 982 506 1031 scriptis
534 981 738 1022 videndas
768 996 845 1022 non
872 993 996 1030 pauca
1032 993 1130 1022 vero
1146 992 1289 1023 eorum
1306 1004 1318 1026 ,
1350 992 1434 1031 quae

105 1035 297 1075 dicuntur
311 1042 570 1073 momentum
583 1033 704 1071 causae
729 1047 806 1073 non
829 1033 987 1074 faciunt
1021 1062 1032 1074 .

48 1087 333 1128 Controversia
365 1088 418 1126 est
442 1085 492 1124 de
520 1085 561 1123 vi
591 1085 765 1134 antiquae
799 1083 1077 1125 revocationis
1104 1107 1117 1126 ³
1162 1084 1212 1123 de
1243 1084 1283 1123 vi
1312 1085 1432 1130 hujus

101 1151 213 1230 ἔον-,ι’
231 1162 246 1184 ,
273 1139 339 1181 vel
367 1137 533 1178 demum
564 1136 616 1176 de
646 1138 767 1182 modo
791 1138 875 1178 alio
905 1163 919 1184 ‚
958 1150 1037 1189 quo
1063 1137 1243 1189 pecuniae
1275 1137 1433 1186 erogari

136 1192 278 1231 ebeant
295 1218 305 1233 .

50 1240 218 1282 Carolus
233 1241 449 1282 contendit
478 1243 785 1285 revocationem
801 1255 823 1282 a
841 1241 1059 1288 majoribus
1077 1242 1228 1281 sanam
1260 1239 1309 1280 de
1328 1252 1434 1279 anno

105 1293 368 1339 1633.effestu
384 1294 667 1345 caruiffe‚quia
686 1297 936 1345 propositum
953 1293 1114 1336 fortasse
1135 1301 1346 1334 mutarunt
1361 1306 1375 1332 ‚·
1392 1291 1436 1331 id

101 1344 182 1387 effe
203 1346 461 1388 manifestum
476 1359 522 1387 ex
539 1348 679 1388 secuta
709 1348 960 1399 postmodum
979 1347 1182 1386 solutione
1202 1346 1436 1391 pensionum

101 1398 143 1438 in
161 1397 331 1447 primam
346 1400 508 1440 causam
533 1410 542 1437 :
570 1399 768 1451 quidquid.
785 1409 924 1442 autem
956 1399 1005 1437 de
1026 1401 1099 1438 hoc
1120 1399 1181 1440 fit,
1198 1398 1259 1442 jus
1275 1397 1342 1436 fibi
1363 1407 1436 1435 no-

105 1461 201 1491 vam
230 1450 286 1500 pii
314 1452 450 1499 operis
481 1452 796 1494 translationem
829 1450 1006 1492 faciendi
1038 1451 1277 1495 ademptum
1310 1447 1432 1488 inda,

100 1500 340 1546 nonfuiffe:
369 1503 474 1544 illud
504 1503 716 1544 arbitrium
749 1505 786 1544 in
805 1504 882 1552 ipsa
904 1503 1118 1550 fundatione
1146 1499 1431 1541 successoribus

103 1554 260 1603 semper
288 1556 460 1595 liberum
493 1581 506 1602 ‚
534 1556 572 1596 ἃ
603 1557 855 1598 reservatum
886 1552 1060 1594 mansiffe
1089 1567 1099 1592 :
1130 1556 1197 1592 has
1221 1553 1331 1601 leges
1364 1563 1436 1599 po-

102 1618 201 1649 nere
225 1605 508 1649 fundatoribus
525 1606 701 1650 licuisse:
731 1621 825 1648 curn
846 1607 905 1647 his
926 1605 1079 1656 legibus
1113 1605 1285 1654 primam
1309 1603 1434 1641 dona—

101 1659 262 1699 tionem
274 1660 322 1700 ab
337 1659 559 1699 Ordinatio
573 1662 847 1710 approbatam:
864 1659 956 1699 hinc
977 1659 1133 1699 nullum
1146 1658 1209 1704 jus
1225 1655 1435 1708 quoefitum

104 1710 296 1750 sodalitio
312 1737 326 1757 ‚
355 1711 462 1764 quod
480 1720 622 1750 contra
640 1715 709 1753 has
732 1713 842 1762 leges
861 1712 945 1750 vim
959 1711 1145 1751 obtineat
1163 1737 1173 1750 .

52 1761 255 1805 ᾕμαξε
271 1775 424 1807 novum
441 1764 676 1806 consensum
694 1765 907 1805 Ordinarii
928 1764 962 1802 in
983 1766 1056 1802 hac
1076 1759 1347 1803 translatione
1367 1771 1439 1798 ne-

104 1813 316 1855 cetrarium
334 1829 410 1855 non
423 1814 500 1856 effe
531 1816 611 1856 Rot.
631 1831 746 1856 coram
764 1818 951 1856 Falconer.
973 1816 1081 1863 decis.
1099 1829 1162 1856 20,
1178 1826 1275 1852 nura.
1299 1826 1311 1850 1
1324 1826 1355 1850 2.
1374 1814 1434 1849 tit.

102 1870 148 1906 de
150 1865 230 1919 jur.
246 1878 425 1916 patronat.
446 1893 456 1912 ‚
485 1870 742 1908 Barchinonen.
776 1870 1012 1909 Fundatioms
1036 1881 1095 1915 24.
1119 1866 1296 1916 Januarii
1319 1874 1432 1910 1735.

58 1925 60 1927 '
105 1920 407 1959 curamMellino.
439 1919 576 1958 Multa
609 1923 691 1969 post
720 1921 864 1964 objicit
896 1919 944 1957 iis
963 1945 973 1963 ,
1004 1932 1089 1970 qux
1111 1917 1299 1965 proponit
1329 1914 1438 1954 Offi-

105 1972 224 2011 cialis
249 1983 262 2010 ι
288 1971 358 2013 sua
385 1968 460 2011 esse
493 1972 693 2017 meliora,
724 1971 1017 2020 opportuniora
1049 1971 1225 2018 populo,
1254 1969 1334 2006 five
1364 1977 1438 2014 pro

104 2023 221 2063 cultu
235 2022 446 2072 religionis
465 2048 479 2066 ‚
507 2024 586 2062 five
613 2035 683 2071 pro
715 2023 927 2061 doctrina:
961 2021 1197 2063 Officialem
1225 2030 1302 2057 non
1331 2017 1434 2065 posse

105 2074 177 2114 suo
208 2075 405 2114 arbitratu
436 2074 483 2114 de
511 2075 660 2113 alienis
691 2076 863 2113 statuere
894 2085 903 2110 :
931 2086 974 2112 ac
1009 2075 1205 2121 postremo
1235 2095 1249 2114 ‚
1277 2067 1438 2119 quando

106 2129 190 2167 hxc
227 2140 306 2166 non
325 2127 519 2172 valeant,
546 2128 608 2173 jus
626 2125 693 2165 fibi
710 2152 723 2173 ,
751 2127 789 2167 Sc
814 2124 979 2164 familia:
998 2131 1236 2175 patronatus
1269 2131 1347 2160 non
1361 2131 1436 2161 au-

108 2179 322 2220 ferendum
340 2208 350 2218 .

56 2229 163 2271 Esset
179 2243 241 2271 res
262 2232 381 2280 plena
397 2229 505 2273 ocii,
533 2231 572 2270 δε
587 2230 881 2278 supervacanea
899 2254 910 2273 ,
937 2241 1023 2279 qur
1051 2228 1144 2267 hinc
1165 2226 1258 2266 inde
1288 2235 1439 2273 conge-

108 2292 254 2324 runtur
269 2282 491 2323 exscribere
507 2311 517 2320 .
549 2281 859 2322 Ponderandum
889 2281 1093 2329 praecipue
1115 2278 1280 2319 videtur
1296 2303 1309 2322 ‚
1339 2287 1438 2314 num

106 2336 170 2382 jus
190 2334 372 2376 variandi
406 2343 488 2384 opus
502 2337 629 2381 pium,
659 2335 786 2373 etiam
816 2334 895 2381 post
926 2334 1100 2380 primam
1131 2328 1436 2384 Vlceinnte‘

108 2399 253 2436 grum,
284 2395 407 2437 atque
425 2386 595 2425 illaesum
626 2386 831 2426 servatum
845 2383 970 2425 fuerit
999 2393 1084 2425 tam
1115 2380 1441 2434 fundatoribus-2

114 2451 233 2488 quam
264 2435 548 2480 successoribus
571 2435 765 2477 familiae:
794 2448 890 2474 num
919 2439 1002 2475 haec
1030 2433 1253 2474 reservatio
1282 2428 1439 2480 ahquid
1469 2480 1472 2483 ἢ

112 2500 251 2531 contra
267 2489 484 2530 canonicas
502 2489 660 2536 regulas
686 2490 831 2526 habeat
847 2513 859 2530 ‚
891 2488 958 2526 vel
977 2486 1112 2532 potius
1131 2482 1352 2523 secundum
1369 2493 1438 2538 ca·-

113 2549 238 2581 nones
262 2542 350 2585 fieri
367 2540 550 2592 potuerit
567 2569 576 2580 .
608 2539 717 2578 Hinc
732 2538 937 2578 videbitur
966 2538 1014 2575 de
1029 2536 1069 2577 vi
1088 2535 1225 2584 primae
1245 2534 1440 2574 variatio-

112 2590 172 2630 nis
189 2617 203 2636 ς
233 2593 281 2633 de
298 2606 376 2644 qua
392 2592 629 2633 fundatores
650 2590 716 2638 ipsi
742 2591 870 2638 postea
887 2615 900 2633 ‚
926 2600 969 2628 ac
989 2587 1118 2627 secuti
1137 2585 1315 2625 haeredes
1332 2585 1436 2624 nihil

115 2653 307 2686 curarunt
332 2657 344 2687 ς
370 2646 465 2691 hinc
479 2644 530 2684 de
546 2643 716 2691 vihujus
746 2653 884 2683 novae.
914 2640 1024 2682 Hinc
1056 2640 1215 2691 patebit
1242 2651 1322 2691 quo
1349 2639 1439 2684 jure

1302 2706 1307 2713 ·
1364 2701 1441 2729 vo-
