1889 2959
1348 160 1364 187 1
1401 159 1417 188 ἰ

101 201 290 241 reditatis
305 199 600 248 compendium
614 199 833 250 quotannis
845 200 1114 240 obtinendum
1131 160 1395 249 praeferendi‘}
1410 211 1421 238 ε

103 266 189 303 quae
206 253 368 304 quidem
387 254 536 302 regulae
551 250 874 301 diligentiffimae
891 278 903 296 ‚
938 264 981 291 ac
1000 253 1236 301 pleniffimae
1264 254 1311 292 ab
1341 253 1420 292 Or-

99 305 245 343 dmarii
274 305 387 344 curia
402 306 628 353 adprobata:
645 305 733 343 sunt
751 328 764 348 ‚
781 317 826 344 ac
842 305 953 354 typis
970 307 1172 345 maudatae
1189 336 1198 346 .
1219 306 1283 345 Eae
1314 306 1423 344 inter

100 357 246 405 sctipta
274 357 399 396 causae
413 355 755 396 circumferentur
777 386 786 396 .

50 408 196 456 Elapso
209 421 313 448 anno
346 408 501 450 sodales
521 422 658 457 preces
687 410 931 449 obtulerunt
963 411 1088 450 sssho
1116 423 1188 460 pro
1221 409 1424 455 ejusmodi

101 462 329 501 voluntatis
359 462 690 501 commutatione
705 486 717 505 ‚
749 474 920 512 quarum
938 464 1123 512 cognitio
1143 464 1192 502 ad
1224 465 1325 502 hanc
1356 462 1423 500 Sa-

99 525 214 553 cram
227 514 602 564 Cougregationem
632 514 772 551 delata
789 514 841 551 est
857 543 867 553 .
903 514 1110 554 Postulant
1136 517 1176 552 di
1205 525 1424 553 commutare

99 565 137 604 Ia
155 567 352 616 estrazione
367 565 464 604 nella
485 563 612 603 Corale
627 565 890 614 distribuzsone
903 595 913 605 .
930 567 1081 605 Causas
1102 579 1173 613 pro
1190 577 1426 606 commuta-

101 619 216 658 tione
234 627 438 667 exponunt
455 618 484 654 il
498 621 632 655 motivo
645 619 684 653 di
701 617 774 654 tale
776 618 942 666 supplica
950 620 983 667 fi
988 620 1105 665 fonda
1110 619 1160 666 su
1173 622 1226 656 cio·
1243 643 1255 662 ‚
1275 621 1338 658 che
1352 616 1427 656 col-

99 669 137 708 la
154 672 412 720 distribuzione
417 671 451 719 st
467 672 573 707 verni
590 671 638 706 ad
652 678 808 706 ottenere
830 673 895 717 pit}
903 670 1118 717 facilmente
1147 669 1177 706 il
1199 671 1280 716 fine
1305 670 1426 707 voluto

100 724 164 761 dal
177 723 339 772 testatore
353 747 365 767 ,
383 724 446 762 che
461 727 479 759 e
493 722 529 758 la
537 723 746 770 frequenza
762 722 1005 761 all'Oratorio
1025 748 1037 768 ,
1053 724 1098 760 ed
1112 721 1184 761 alle
1202 724 1424 769 Proceffioni,

98 777 139 813 di
156 773 272 825 quello
289 801 301 821 ,
315 777 376 813 che
389 779 428 812 in
441 775 578 824 paffato
588 777 620 824 si
643 778 661 812 ὲ
686 783 807 822 potato
837 775 1042 822 conseguire
1070 774 1163 813 colla
1193 776 1395 824 estrazjone
1410 798 1426 818 ,

98 838 238 865 mentre
255 829 318 866 che
335 827 370 864 la
387 829 536 876 maffima
551 837 655 876 parte
672 829 731 864 dei
749 826 970 873 Confratelli
988 829 1028 864 di
1036 829 1236 876 prof'effione
1253 827 1396 866 Curiali
1411 851 1427 872 ,

97 884 244 920 Notari
258 904 270 923 ‚
286 882 407 918 Periti
426 905 439 925 ‚
457 894 475 916 e
488 882 674 918 Mercanti
689 892 755 917 non
770 880 920 927 patendo
931 888 996 929 per
1011 879 1120 928 lesue
1132 880 1299 929 publiche
1326 892 1426 917 occu-

95 937 249 982 pazioni
259 933 493 981 frequentare
509 933 712 970 l'Oratorio
731 958 743 977 ,
759 945 777 969 e
794 932 827 968 le
845 931 1053 980 Proceffioni
1074 943 1167 974 tutte
1185 932 1218 970 le
1233 932 1330 970 volte
1336 941 1426 981 pre-

90 986 226 1036 firitte
239 985 303 1021 dal
315 985 479 1033 testatore
497 982 576 1021 tral
579 985 716 1031 asciano
736 985 1033 1033 disrequentarlo
1047 987 1160 1023 anche
1177 984 1294 1034 quelle
1309 983 1423 1028 volte,

101 1040 165 1077 che
177 1039 368 1075 aarebbero
383 1038 522 1074 comodo
538 1037 579 1072 di
587 1036 688 1084 farlo
704 1062 715 1080 ,
728 1038 853 1084 poiche
861 1036 976 1084 fanno
994 1038 1034 1072 di
1045 1051 1110 1074 non
1125 1046 1226 1086 poter
1248 1038 1420 1085 goden-³

101 1091 164 1129 del
176 1093 308 1138 Legata
323 1087 509 1136 Angelini
525 1115 536 1132 ‚
557 1102 575 1124 e
590 1088 794 1127 moltixaltri
814 1087 1032 1134 Confratelli
1067 1091 1249 1126 Cittadini
1272 1088 1428 1134 nonfro-

102 1143 304 1193 quentando
319 1150 385 1189 per
398 1154 464 1177 non
480 1142 698 1188 az,z‚ardarfi
719 1140 794 1177 alla
819 1141 920 1190 sorte
951 1140 1270 1189 dell'estrazionffi
1302 1155 1319 1176 e
1346 1142 1428 1189 quei

94 1196 200 1245 pochi
216 1219 230 1239 ,
247 1195 310 1231 che
318 1193 558 1242 frequentatio
578 1194 763 1241 afficurano
781 1191 812 1230 il
817 1194 1022 1241 godimento
1040 1192 1101 1230 del
1116 1191 1251 1241 Legato
1268 1192 1430 1228 median-

100 1258 137 1285 te
152 1260 200 1285 un
215 1249 326 1283 tacito
339 1247 554 1288 contribam,
574 1247 638 1283 che
647 1245 870 1294 pattuiscono
878 1244 946 1293 fra
958 1246 997 1282 di
1012 1244 1084 1282 loro
1097 1274 1106 1284 .
1139 1247 1191 1283 La
1205 1246 1296 1282 dove
1308 1244 1343 1281 la
1361 1245 1430 1282 Co-

100 1298 179 1337 ναῖε
195 1299 454 1348 άίβνίὸιιζίοηε
470 1297 704 1335 allettarebhe
723 1297 751 1333 li
763 1300 876 1346 primi
895 1298 943 1333 ad
974 1300 1222 1336 intervenirvi
1245 1307 1340 1335 tutte
1356 1293 1430 1333 le,

101 1351 198 1390 volte
212 1374 225 1395 ‚
243 1352 306 1388 chc
319 1349 490 1398 poteffero
509 1372 521 1391 ‚
541 1350 731 1388 levarebhe
747 1348 815 1386 alli
826 1349 975 1397 secondi
1000 1349 1030 1385 il
1071 1351 1177 1386 dubio
1200 1348 1433 1385 dell’incerta

95 1406 198 1454 firte
215 1428 228 1448 ,
249 1402 464 1450 toglierebhe
486 1401 625 1450 l'ahuso
640 1404 698 1439 dei
710 1402 908 1438 mendicate·
920 1401 1167 1449 impedimenti
1186 1425 1197 1444 ,
1216 1399 1285 1437 ela
1313 1408 1436 1448 troppa

101 1455 253 1504 facilit&
270 1452 366 1491 delle
373 1452 457 1500 fedi
472 1479 484 1498 ,
503 1455 565 1491 che
581 1453 703 1492 taluno
717 1455 776 1490 dei
781 1452 972 1502 frequenti
980 1453 1025 1498 sa
1038 1453 1181 1500 nascere
1197 1478 1210 1497 ‚
1243 1466 1261 1489 e
1281 1461 1437 1500 procura

99 1519 166 1558 per
184 1506 350 1555 tscufivrfi
363 1508 411 1542 da
430 1506 579 1554 qualche
594 1506 666 1543 loro
685 1517 888 1547 mancnnza
905 1528 918 1546 ‚
935 1518 952 1541 e
964 1507 1018 1541 εἱὸ
1031 1517 1097 1540 non
1119 1513 1185 1552 per
1197 1513 1294 1540 tanto
1302 1504 1335 1552 st
1344 1503 1433 1549 fan-

102 1573 145 1598 no
162 1563 287 1608 capaci
304 1559 365 1594 del
379 1559 512 1604 Legata
530 1558 714 1606 Angelini
731 1586 740 1595 .
758 1554 1188 1603 Ceffarebbefinalmente
1215 1559 1295 1604 ogni
1325 1554 1436 1602 diffe-

106 1623 222 1656 renza
255 1614 334 1659 ogni
352 1613 659 1658 interpretazione
677 1634 690 1654 ‚
721 1611 802 1657 ogni
819 1608 924 1658 abuso
938 1631 950 1651 ‚
982 1610 1044 1645 che
1078 1608 1180 1645 dalla
1207 1607 1439 1656 moltiplicitd

102 1661 200 1701 delle
218 1660 406 1711 leggisuol
423 1663 599 1700 deri-vare
611 1685 623 1705 ‚
641 1675 658 1699 e
676 1660 869 1700 coll’um'ca
890 1661 990 1708 legge
1001 1658 1100 1698 a’ella
1129 1660 1388 1710 distrihuzione
1400 1661 1438 1695 ai

90 1714 166 1766 soli
171 1715 328 1766 presenti
333 1715 366 1764 fi
379 1717 486 1752 verra
503 1715 552 1752 ad
579 1724 737 1753 ottenere
760 1717 825 1763 pix>
850 1713 1062 1762 facilmente
1077 1737 1090 1756 ,
1116 1714 1163 1750 ed
1194 1713 1439 1749 abhondante·

102 1779 221 1806 mente
235 1768 265 1805 il
271 1768 351 1814 fine
367 1766 464 1804 della
473 1768 681 1818 frequenza
695 1795 704 1806 .

55 1820 282 1862 Confirmat
296 1819 436 1859 omnia
452 1820 490 1858 in
506 1822 588 1858 haec
621 1821 742 1859 verba
771 1818 1124 1858 Eminentiffimus
1149 1815 1442 1863 Archiepisco-

101 1884 175 1923 pus
194 1874 497 1922 :frequentiffi‘ma
505 1873 596 1920 sunt
611 1885 651 1909 ea
667 1896 678 1915 ‚
701 1885 775 1922 quae
789 1885 855 1908 non
866 1875 977 1919 parvi
1007 1873 1174 1908 momenti
1205 1869 1439 1915 Confratrum

103 1926 244 1974 diffidia
253 1925 575 1974 praesertimsuper
588 1928 783 1971 cognitione
801 1925 1139 1971 impedimentorum
1155 1946 1167 1966 ‚
1198 1934 1274 1970 quae
1289 1935 1308 1956 a
1323 1921 1437 1968 pluri‹

108 1978 170 2015 bus
188 1979 323 2014 adduci
330 1977 451 2026 solent
466 1978 514 2012 ad
530 1975 959 2024 excufimdasfailentias
973 2004 982 2013 .
1016 1976 1151 2022 Omissis
1171 1977 1265 2010 enim
1284 1973 1438 2010 alterca-

105 2031 258 2066 tionibus
272 2053 285 2073 ,
301 2042 376 2077 quae
394 2029 503 2064 nimio
514 2028 668 2074 fervore
691 2030 807 2076 paffim
837 2031 1010 2064 eveniunt
1038 2039 1083 2062 ex
1112 2028 1174 2063 hoc
1204 2029 1320 2073 capite
1346 2028 1441 2060 inter

110 2081 313 2131 domesticos
322 2084 480 2128 parietes
496 2082 815 2126 Conftaternitatis
833 2083 846 2123 (
867 2092 942 2127 qme
960 2079 1104 2115 auidem
1121 2078 1344 2113 devotfonem
1371 2078 1441 2111 mi-

105 2143 225 2172 nuunt
235 2157 249 2178 ‚
267 2137 309 2176 ἐς·
321 2133 533 2170 inimicitias
552 2145 618 2168 non
631 2129 768 2169 leviter
771 2131 906 2178 fovent
920 2134 933 2174 )
963 2129 1061 2166 illud
1077 2126 1249 2173 adnotaff
1242 2142 1258 2163 e
1263 2127 1440 2177 sufficiat,

104 2188 200 2236 quod
223 2199 342 2224 eorum
371 2185 623 2234 controverfiae
651 2198 717 2220 non
737 2183 854 2232 semel
884 2184 934 2219 ad
966 2181 1141 2231 Judicem
1170 2179 1303 2218 delatae
1326 2180 1414 2227 sunt
1426 2203 1441 2225 ‚

110 2238 275 2290 quodque
289 2247 352 2288 pro
367 2239 452 2274 bono
460 2240 560 2285 pacis
577 2262 589 2280 ‚
608 2248 650 2280 (θ’
667 2237 716 2273 ad
732 2235 909 2274 evitanda
924 2232 1060 2285 majora
1067 2233 1245 2282 scandala
1274 2232 1442 2282 aliquan-

108 2292 159 2328 do
167 2291 304 2340 neceffc
313 2291 436 2339 fuerit
452 2289 629 2327 devenire
646 2290 695 2325 ad
702 2288 893 2337 formalem
913 2284 1070 2340 alicujus
1097 2286 1300 2331 Confratris
1332 2283 1443 2330 caffa⁴

107 2346 240 2382 tionem
260 2373 270 2383 .
288 2343 405 2382 Addo
421 2345 682 2389 experientiam
699 2342 824 2378 docere
842 2366 855 2386 ,
871 2342 964 2386 quod
981 2341 1020 2376 in
1035 2339 1201 2388 praesenti
1218 2336 1442 2385 rerumstatu

112 2408 179 2434 non
196 2397 380 2434 obtinetur
386 2395 476 2441 finit
488 2403 666 2443 praectpue
685 2394 817 2432 volitas
841 2407 862 2430 a
877 2394 1042 2443 testatore
1056 2399 1178 2438 nempe
1208 2387 1439 2433 confratrum

103 2445 310 2496 frequentia
325 2477 334 2487 .
350 2449 528 2495 Namque
546 2458 592 2483 ex
603 2460 674 2483 una
685 2455 791 2494 parte
807 2445 895 2482 adeo
912 2454 1013 2492 patet
1030 2445 1151 2480 aditus
1164 2440 1399 2489 praetextibus
1420 2461 1435 2482 ,

112 2500 156 2541 (θ’
170 2502 212 2537 ab
225 2502 305 2549 usui
318 2498 607 2549 testimonialium
620 2521 633 2540 ‚
653 2508 694 2536 ut
709 2498 857 2546 quidam
873 2499 979 2533 nimis
1014 2494 1198 2539 confidant
1231 2491 1438 2540 excusare..-

107 2550 293 2597 sallentiax
311 2577 324 2598 ‚
340 2566 382 2590 ac
395 2559 581 2601 propterea
596 2564 662 2588 non
675 2549 865 2586 admodum
871 2546 1031 2597 solliciti
1033 2546 1106 2595 stnt
1122 2544 1318 2595 adimplere
1336 2556 1437 2580 men-

115 2611 188 2640 tem
200 2603 372 2651 testatoris
385 2634 395 2643 .
412 2606 471 2642 Ex
485 2603 559 2640 alia
575 2615 657 2640 vero
662 2602 752 2649 sunt
763 2599 922 2643 nonrmlli
937 2599 1143 2638 confratres
1160 2620 1174 2639 ‚
1193 2599 1254 2642 qui
1269 2609 1348 2635 cum
1369 2605 1429 2631 at-

111 2664 211 2692 tenta
226 2667 343 2692 eorum
353 2657 549 2704 profeffione
565 2658 705 2691 omnino
720 2652 908 2702 desperent
911 2651 953 2699 se
979 2651 1072 2699 poffe
1096 2649 1250 2699 publicis
1280 2647 1432 2695 Proces-

100 2707 260 2755 fionibus
279 2730 293 2750 ‚
311 2708 353 2749 ὠ·
365 2711 523 2755 privatis
533 2706 789 2756 spiritualibus
817 2706 1017 2744 Exercitiix
1043 2703 1114 2752 sub
1135 2701 1345 2753 praescripta
1368 2699 1430 2747 fre

143 2783 148 2789 -
1329 2764 1441 2804 quen-
