1919 2964
525 197 574 230 70

467 233 732 274 obtinendam
752 232 1048 271 alimentorum
1066 230 1375 281 assignationem
1394 257 1406 275 ‚
1438 230 1620 280 prodelie
1640 243 1801 281 qnoque

466 294 657 327 autumat
675 285 723 324 ad
740 285 1005 323 obtinendam
1022 285 1197 334 gratiam
1211 284 1525 342 prorogationis.
1545 283 1802 322 Potiffimum

465 339 561 389 quia
581 363 594 383 ‚
625 350 701 376 nec
718 347 933 384 paupertas
954 362 966 380 ‚
999 350 1072 377 nec
1088 337 1282 387 cognatio
1297 336 1345 376 ad
1361 338 1467 374 hunc
1485 335 1675 376 effet‘tum
1696 335 1804 384 rigo-

468 391 574 430 rosas
590 391 758 440 exigunt
776 389 1034 436 probationes
1053 415 1066 434 ,
1098 398 1143 430 ut
1159 397 1307 428 notant
1337 391 1457 427 Piton.
1474 391 1518 425 de
1533 389 1702 428 controv.
1723 390 1802 426 Pa-

467 453 560 484 tron.
594 442 741 492 allegat
746 455 810 489 44.
844 455 943 480 num.
956 455 988 480 1.
1009 466 1021 485 ‚
1055 446 1098 486 ε’σ·
1132 456 1167 479 a.
1185 467 1197 485 ‚
1232 443 1274 484 &⁶
1300 444 1397 480 Rota
1418 440 1490 490 post
1518 443 1678 478 eumdem
1704 442 1742 476 cl
1747 441 1803 477 δῖα

468 495 578 545 alleg.
585 509 650 544 44.
666 508 765 532 num.
776 506 836 541 54.
857 519 868 538 ‚
888 497 931 537 ἐς·
951 498 1012 537 56.
1034 521 1047 540 ‚
1067 498 1223 539 &numu
1231 506 1292 541 74.
1311 518 1323 538 ,
1347 497 1390 538 ξς·
1405 498 1466 541 76.
1483 516 1496 536 2
1524 495 1567 536 ἶς’
1582 507 1698 532 coram
1715 491 1802 530 Fal-

468 562 589 595 conem
607 550 652 584 de
665 550 851 585 Adment.
871 547 1024 594 decis.7.
1038 562 1134 586 num.
1140 560 1175 589 3.

418 601 495 640 Sed
518 599 660 648 petitae
677 599 817 649 gratiae
849 599 1113 639 adversantur
1144 599 1332 638 hodierni
1351 599 1543 638 Renores
1559 597 1800 637 Confrater-

468 652 613 691 nitatis
627 651 1025 698 Administratricis‚
1056 653 1206 691 duabus
1239 651 1490 696 potissimum
1526 651 1652 690 innixi
1672 649 1801 688 ratio-

466 705 609 745 nibus.
640 704 779 742 Primo
797 704 891 754 quia
907 714 1105 754 repugnat
1122 704 1346 743 Testatoris
1364 704 1555 742 voluntas
1574 729 1585 748 ‚
1610 703 1680 753 qui
1699 701 1801 741 adeo

464 757 585 796 enixe
600 756 764 806 optavit
783 756 1056 805 indigentium
1076 757 1311 797 Puellarum
1329 756 1586 795 dotationem
1605 779 1616 798 2
1652 763 1697 794 ut
1726 766 1801 793 nec

467 810 559 859 ipsis
576 808 732 848 Puellis
749 809 798 847 de
813 808 882 847 sua
898 811 1143 858 cognatione
1163 809 1398 856 specialiter
1414 807 1671 857 praediletocis,
1687 805 1804 846 subfi-

467 862 583 900 dium
598 861 685 901 dari
698 861 882 900 voluerit
899 886 912 905 ‚
933 862 1003 899 nisi
1018 874 1114 901 vera
1129 862 1304 911 egestate
1322 870 1612 919 premerentur
1627 884 1640 904 ‚
1667 858 1810 898 omni-·

470 926 547 965 que
573 914 655 952 alia
672 914 771 952 dote
790 923 1009 953 carerent3
1041 926 1170 963 neque
1188 914 1383 951 Masculis
1403 938 1415 956 ‚
1442 913 1511 962 qui
1541 926 1561 952 a
1589 912 1668 951 suis
1684 911 1802 950 Soro-

467 967 577 1005 ribus
605 964 901 1005 descenderent
939 990 951 1009 ,
986 966 1190 1005 subveniri
1220 965 1413 1014 praecepit
1445 991 1456 1009 ‚
1494 965 1563 1003 nifi
1598 965 1636 1003 in
1672 965 1801 1004 tribus

467 1018 684 1075 defignatis
702 1017 851 1056 casibus
869 1042 882 1061 ‚
914 1018 1088 1057 adversae
1108 1018 1359 1057 valetudinis
1378 1043 1389 1061 ,
1410 1017 1703 1057 cai-cerationis
1719 1041 1732 1060 ‚
1763 1016 1801 1055 &

465 1070 756 1119 captivitatis,
785 1070 982 1108 summam
1016 1071 1176 1119 insuper
1205 1069 1518 1109 determinando
1536 1070 1575 1108 in
1595 1069 1724 1108 unciis
1742 1068 1807 1107 se-

463 1123 626 1181 xaginta
644 1135 717 1172 pro
736 1121 1022 1212 redemfftione
1037 1123 1310 1171 Captivorum
1329 1147 1340 1165 ‚
1360 1132 1560 1173 quatenus
1579 1122 1661 1159 suis
1680 1133 1802 1170 pecu-

466 1175 546 1214 niis
561 1174 711 1214 redimi
726 1186 805 1212 non
822 1187 873 1223 po
908 1183 979 1214 ent
996 1205 1004 1214 .
1037 1175 1222 1214 Secundo
1236 1177 1328 1225 quia
1349 1175 1487 1213 deficit
1505 1187 1552 1213 ea
1571 1182 1804 1222 paupertas,

464 1240 586 1278 quam
602 1228 756 1266 Orator
788 1227 976 1276 praedicat
993 1253 1005 1271 ‚
1036 1229 1074 1267 Sc
1103 1240 1223 1277 quam
1250 1241 1329 1266 non
1349 1228 1417 1267 nifi
1448 1240 1468 1266 a
1498 1226 1604 1265 falfis
1621 1225 1805 1264 Testibus

465 1279 1029 1329 deceptum,ajunt,retuliffe
1048 1280 1516 1321 VicariumGeneralem
1537 1280 1572 1317 iu
1589 1278 1802 1327 postremis

468 1332 624 1372 Literis
638 1346 653 1372 ‚·
666 1344 762 1370 cum
776 1331 932 1373 Orator
952 1344 1057 1371 anno
1078 1338 1188 1381 1748.
1207 1333 1402 1371 divisione
1417 1330 1520 1371 fasta
1537 1344 1628 1370 cum
1649 1330 1805 1369 Fratri-

464 1388 538 1424 bus
555 1409 569 1429 ,
600 1384 640 1422 in
655 1384 767 1422 suam
782 1385 1016 1432 portionem
1033 1386 1240 1434 acceperit
1256 1387 1358 1432 bona
1373 1384 1526 1423 stabilia
1558 1383 1679 1422 annui
1699 1382 1805 1422 redi-

469 1446 537 1477 tus
552 1436 764 1476 unciarum
783 1435 1051 1486 quadraginta
1065 1437 1225 1484 septem
1243 1450 1333 1476 cum
1349 1436 1523 1475 dimidio
1541 1462 1552 1481 ,
1569 1448 1653 1485 quae
1671 1436 1804 1484 postea

470 1491 608 1529 locata
636 1487 803 1526 fuerunt
832 1488 960 1527 etiam
985 1488 1131 1535 majori
1146 1491 1332 1539 pensione
1349 1513 1360 1532 ‚
1392 1498 1436 1528 ut
1453 1489 1623 1551 probant
1642 1487 1804 1536 publica

472 1542 744 1580 Instrumenta
757 1539 940 1579 Testibus
956 1539 1269 1589 praeferenda‚ad
1286 1544 1469 1581 Textum
1456 1555 1494 1579 m
1505 1543 1592 1588 Leg
1599 1539 1729 1589 Census
1740 1553 1800 1580 10.

465 1594 512 1644 ff.
527 1596 571 1631 de
587 1593 736 1632 Probat

415 1648 471 1689 Et
489 1645 684 1697 quoniam
703 1644 860 1685 Orator
877 1657 980 1684 anno
1000 1661 1113 1696 1742.
1132 1671 1146 1691 ‚
1172 1660 1252 1699 quo
1269 1647 1491 1697 possidebat
1508 1657 1658 1686 annuos
1688 1646 1800 1685 redi-

466 1708 533 1739 tus
550 1709 765 1737 unciarum
787 1708 844 1742 ιε.
861 1722 874 1742 ,
900 1699 1135 1738 subsidium
1127 1709 1329 1748 impetrav
1336 1701 1367 1738 it
1395 1700 1570 1738 aliarum
1588 1698 1803 1738 unciarum

466 1750 618 1801 viginti
635 1759 810 1808 quatuor
826 1749 1055 1796 dumtaxat,
1070 1753 1295 1803 eademque
1314 1753 1468 1792 summa
1485 1752 1616 1790 solum
1639 1751 1801 1800 indige·-

463 1816 508 1843 re
523 1802 647 1841 modo
665 1802 800 1840 innuit
813 1828 825 1847 ‚
843 1804 1077 1851 postulando
1096 1805 1429 1854 prorogationem
1443 1804 1596 1843 indulti
1612 1816 1683 1852 pro
1699 1802 1798 1842 affe-

467 1855 642 1895 cutione
659 1854 841 1900 ejusdem
857 1855 1049 1902 summae,
1080 1857 1120 1894 in
1134 1857 1333 1906 supposito
1350 1884 1362 1902 ,
1394 1856 1500 1907 quod
1517 1855 1715 1904 poffideat
1735 1868 1804 1895 an-

463 1919 566 1947 nuos
586 1906 742 1946 reditus
759 1906 971 1946 unciarum
987 1909 1222 1948 sexdecim·
1208 1934 1223 1950 ,
1250 1921 1342 1949 cum
1360 1912 1436 1948 hoc
1455 1909 1571 1958 pac'to
1588 1908 1795 1955 implicite

465 1959 650 1999 fateatur
670 1971 741 2007 pro
759 1959 854 2002 sua,
884 1960 1042 2018 suteque
1070 1961 1249 2000 Familiae
1282 1962 1448 2002 decenti
1477 1960 1795 2000 substentatione

469 2011 657 2052 sufficere
687 2023 838 2050 annuas
865 2012 1004 2052 uncias
1036 2013 1332 2063 quadraginta:
1374 2015 1626 2053 alterutrum
1652 2025 1802 2052 conce-

467 2064 646 2103 dendum
665 2062 742 2102 effe
761 2061 942 2103 inferunt
961 2065 1157 2104 Renores
1171 2066 1539 2106 Confraternitatis
1557 2089 1569 2108 ‚
1600 2064 1707 2115 quod
1732 2064 1802 2104 vel

467 2127 576 2154 novo
605 2115 788 2153 Subfidio
819 2128 899 2153 non
931 2126 1061 2174 egeat
1072 2118 1228 2156 Orator
1247 2144 1260 2163 ,
1290 2119 1359 2168 qui
1387 2130 1468 2157 non
1498 2117 1799 2173 quadraginta-J

463 2168 614 2212 solum,
630 2167 697 2205 sed
717 2167 825 2205 ultra
841 2168 1138 2222 quinquaginta
1153 2182 1302 2210 annuas
1318 2171 1456 2211 uncias
1472 2169 1645 2209 retrahit
1662 2180 1708 2206 ex
1721 2168 1801 2207 suis

461 2219 607 2259 bonis:
634 2219 702 2257 vel
732 2218 970 2263 recipiendo
996 2221 1207 2260 subsidium
1226 2246 1239 2264 ‚
1268 2223 1336 2260 sub
1363 2229 1561 2270 praetextu
1589 2220 1801 2268 exiguisui

467 2270 609 2310 census
636 2281 861 2308 annuarum
903 2270 1113 2310 unciarum
1139 2273 1342 2311 sexdecim
1372 2297 1385 2316 ‚
1427 2272 1574 2310 cedere
1607 2279 1804 2311 teneatur

464 2324 536 2373 pio
566 2322 699 2370 Operi
724 2321 995 2361 dotandarum
1026 2323 1293 2368 Puellarum,
1323 2323 1520 2373 quidquid
1542 2324 1719 2372 percipit
1747 2337 1798 2364 ex

465 2375 583 2415 bonis
595 2374 673 2413 suis
692 2375 799 2412 ultra
817 2373 1019 2413 sexdecim
1035 2376 1176 2415 uncias
1193 2376 1431 2414 enunciatas
1445 2401 1458 2420 ‚
1483 2374 1583 2414 utin
1599 2375 1719 2414 fimili
1735 2389 1800 2416 ca-

468 2429 512 2468 su
539 2426 699 2466 censuit
725 2426 823 2463 Rota
850 2430 888 2464 in
906 2427 1147 2468 Salernitana
1173 2427 1449 2467 Alimentorum
1467 2440 1527 2471 23.
1549 2426 1660 2477 'Junii
1681 2432 1797 2475 1760.

468 2493 587 2519 coram
602 2481 651 2518 R.
667 2479 713 2517 P.
733 2480 785 2517 D.
803 2477 972 2517 Olivatio
987 2510 997 2519 .

520 2531 811 2571 Definiendum
827 2530 1079 2573 idcirco.erit
1091 2535 1138 2573 ab
1156 2533 1237 2572 EE.
1259 2533 1349 2575 VV.

419 2586 492 2628 An
507 2609 521 2630 ,
548 2587 591 2627 ὠ·
604 2585 654 2621 ad
668 2585 761 2635 quod
776 2593 914 2634 tempus
932 2585 981 2634 fit
1002 2588 1224 2635 proroganda
1254 2588 1387 2625 diurna
1403 2587 1685 2636 subministratio
1700 2597 1797 2625 tare-

522 2648 648 2675 norum
663 2639 816 2674 duorum
833 2662 845 2682 ‚
873 2637 963 2674 alitis
989 2650 1035 2675 ex
1048 2639 1260 2678 hereditate
1284 2643 1360 2679 bon.
1379 2652 1480 2678 mem.
1497 2639 1665 2678 Mariani
1675 2639 1796 2688 Manfi

469 2721 473 2726 .
525 2688 669 2731 indulta
689 2691 885 2733 Vincentio
896 2689 1017 2729 Merlo
1031 2714 1044 2735 ,
1062 2694 1101 2729 in
1117 2691 1199 2738 casu
1213 2693 1285 2734 &a

1715 2798 1791 2835 Die

1209 2843 1242 2855 Ι*
