1919 2964
506 188 670 286 garram
690 237 875 278 fuerint,
900 235 1034 274 multa
1064 233 1160 274 dolo
1178 232 1371 274 reticitaz
1401 233 1508 285 quod
1537 235 1693 284 pendet
1728 246 1775 273 er
1794 237 1846 274 li-

508 291 671 332 brandis
690 282 997 339 probationibus
1014 287 1108 326 hine
1129 287 1220 326 inde
1240 285 1631 327 allatis.Videndum
1649 297 1846 337 praeter-ea

505 355 604 383 num
622 344 776 388 constet
810 343 860 380 de
878 353 956 379 non
973 341 1246 388 implemento
1274 339 1378 386 legis
1408 338 1574 382 adjestae
1616 342 1815 390 rescripto
1829 367 1845 388 ‚

504 408 606 435 num
623 396 777 443 constet
794 394 843 441 de
859 394 979 431 malis
995 391 1182 431 obventis
1208 391 1258 428 ob
1276 390 1501 429 absentiam
1528 395 1729 439 parochi,
1761 407 1847 443 qua:

506 457 630 488 antea
646 459 723 485 non
741 447 1012 491 timebantur,
1029 445 1067 484 δε
1085 457 1171 497 quae
1188 442 1312 483 vitari
1331 442 1436 491 poffe-
1453 447 1645 491 parochus
1660 470 1673 491 ‚
1690 447 1729 488 Sc
1745 446 1844 497 Epij„

510 501 653 539 scopus
685 499 871 538 dixerant
887 529 896 539 .

570 552 648 591 Pro
663 551 818 590 Jonitur
940 586 943 587 ⁷

457 602 534 648 {An
541 606 593 656 fit
610 563 705 642 locius
722 604 958 642 moderatiene·
971 601 1114 639 Indnlti
1128 598 1321 639 triennalis
1347 601 1492 648 eonceffi
1514 613 1536 638 a
1550 602 1670 639 Sacra
1688 603 1838 653 Congre-

545 652 706 708 ‘gation'e
719 658 882 697 Paracho
901 658 1088 698 Provertii
1101 654 1216 709 super
1241 653 1499 707 disperdatione
1524 666 1547 696 a
1577 655 1771 710 reficientia
1796 663 1837 701 m

565 723 607 749 ca
626 723 650 748 n
679 712 753 760 φτ.
930 719 933 726 “

560 864 824 904 Affirmative
840 889 852 908 ‚
869 864 907 903 δε
922 862 1099 921 ampl-ius
1115 887 1129 910 ,
1160 863 1200 905 Sc
1225 862 1274 903 ad
1289 861 1445 905 distum
1460 862 1736 906 secretarium
1760 879 1838 922 pro

621 917 848 971 praefixionc
864 925 1036 958 termini
1055 943 1067 955 0
1678 922 1680 926 ’

131 1181 420 1235 Sess.24.cap.7.
564 1178 906 1223 ERTHONEN.
928 1166 1479 1230 IRREGULARITATIS.
1510 1184 1836 1226 eurianertho-

106 1234 152 1274 de
179 1235 340 1286 Rcfirm.

575 1244 668 1273 nen.
689 1234 738 1278 ad
755 1235 946 1276 triremes
963 1250 1033 1287 per
1046 1237 1291 1276 decennium
1306 1262 1318 1280 ‚
1349 1237 1385 1276 Sc
1401 1236 1733 1279 confiscationem
1765 1240 1839 1278 bo-

506 1298 652 1324 norum
684 1300 788 1326 anno
823 1303 935 1338 1747.
982 1289 1192 1330 damnavit
1225 1298 1513 1328 contumacem
1551 1290 1839 1330 sacerdotem

506 1337 689 1388 Joannem
703 1342 901 1390 Baptistam
917 1344 1069 1382 Carboni
1081 1340 1307 1380 occisorem
1321 1341 1539 1381 Alexandri
1553 1344 1712 1391 Repetti.
1726 1342 1837 1383 A.C.

503 1402 603 1430 vero
618 1416 630 1435 ,
646 1393 870 1439 expectatis
886 1394 955 1435 diu
971 1407 993 1434 a
1008 1393 1121 1433 curia
1138 1394 1236 1432 afris
1252 1394 1377 1434 causae
1391 1419 1403 1438 ‚
1418 1406 1504 1445 quae
1524 1403 1602 1432 non
1621 1393 1835 1434 transmit-

503 1442 619 1481 tebat
635 1467 647 1485 ‚
663 1444 699 1482 &
718 1442 990 1486 Promothore
1008 1445 1131 1485 curiae
1143 1446 1304 1484 causam
1321 1458 1399 1484 non
1416 1453 1563 1485 tuente
1581 1470 1595 1491 ‚
1623 1445 1803 1485 absolvit
1817 1474 1835 1486 .

503 1494 572 1532 Ob
587 1495 887 1548 querimoniam
916 1498 1064 1539 deinde
1092 1496 1214 1537 curiae
1234 1521 1248 1542 ,
1275 1497 1376 1544 juffu
1394 1497 1606 1537 Pontificis
1634 1498 1848 1549 Episcopo·

501 1545 749 1589 Placentino
765 1550 1004 1591 mandatum
1020 1552 1074 1591 est
1089 1574 1102 1594 ,
1122 1558 1167 1587 ut
1181 1550 1231 1587 de
1249 1550 1296 1588 iis
1313 1551 1577 1599 cognosceret
1594 1575 1607 1596 ‚
1626 1559 1752 1602 atque
1767 1563 1836 1591 re-

500 1599 628 1637 ferret
646 1629 655 1637 .
673 1599 750 1638 Sed
766 1602 848 1649 post
864 1602 1113 1641 relationem
1133 1600 1363 1640 Placentini
1380 1602 1482 1642 nihil
1500 1603 1608 1643 ultra
1623 1601 1760 1643 astum
1774 1604 1832 1643 est

500 1649 553 1690 de
574 1651 780 1691 sententia
796 1679 809 1699 ‚
827 1654 865 1693 Sc
881 1654 931 1693 de
947 1665 1065 1703 poena
1083 1652 1276 1694 occisoris
1291 1683 1303 1693 .
1384 1702 1386 1706 ι

447 1702 531 1746 Hic
549 1715 653 1742 anno
673 1718 788 1753 1749.
819 1706 1066 1754 supplicavit
1086 1713 1150 1753 pro
1165 1706 1426 1756 dispensatione
1455 1707 1499 1743 ab
1523 1706 1802 1755 irregularitate
1815 1731 1835 1752 ,

530 1767 622 1794 uam
640 1768 717 1794 non
735 1756 920 1799 obtinuit
936 1787 946 1798 .
977 1757 1119 1799 Rediit
1137 1768 1241 1797 anno
1263 1770 1393 1805 1753·‚
1406 1758 1698 1807 &opponente
1715 1758 1832 1797 curia

497 1768 561 1844 §se
577 1812 612 1846 8.
631 1807 733 1845 Maii
755 1815 868 1856 1756.
886 1810 966 1850 duo
983 1809 1150 1851 fuerunt
1164 1811 1363 1860 proposita
1395 1810 1514 1849 dubia
1542 1810 1574 1848 Ι.
1610 1813 1680 1849 An
1706 1811 1838 1860 conspe

499 1860 546 1897 de
563 1862 840 1911 irregularitate
851 1891 860 1901 .
884 1861 933 1902 ΙΙ.
951 1866 1022 1903 An
1028 1865 1077 1914 stt
1093 1862 1345 1915 confidendum
1358 1866 1458 1902 Ssn‘to
1480 1872 1544 1915 pro
1570 1863 1835 1912 dzjspenfatione

497 1916 537 1949 in
553 1912 636 1960 casn
652 1916 724 1958 &a
744 1942 753 1952 .
771 1915 1016 1962 Responsum
1032 1917 1085 1955 est
1103 1915 1153 1954 ad
1169 1915 1199 1955 Ι.
1215 1940 1232 1952 .
1255 1917 1456 1964 ffirmative
1470 1940 1484 1960 2
1499 1916 1705 1964 &amplius
1722 1943 1732 1954 .
1762 1913 1834 1953 Ad

495 1963 553 2003 11.
570 1967 768 2013 Negative
780 1996 789 2005 .
820 1966 977 2006 Iterum
995 1969 1111 2015 super
1125 1967 1302 2009 secundo
1315 1966 1437 2006 dubio
1458 1967 1575 2009 causa
1588 1967 1829 2015 disputata-³

493 2018 549 2056 est
565 2018 627 2054 die
647 2019 861 2068 19.Aprilis
882 2025 997 2067 1760.
1017 2035 1031 2061 ,-
1044 2021 1112 2059 sed
1127 2020 1299 2060 eandem,
1319 2021 1472 2059 sortem
1488 2027 1676 2068 expertus
1692 2019 1745 2058 est
1762 2019 1827 2057 sa-

493 2069 639 2107 cerdos
657 2070 858 2116 Carboni,
891 2073 1204 2122 responsumque
1220 2073 1273 2111 est
1303 2072 1342 2113 in
1357 2072 1500 2111 decifis
1513 2100 1524 2111 .
1551 2070 1681 2110 Modo
1707 2082 1822 2109 non-„-

493 2121 626 2159 adhuc
644 2121 776 2162 vic‘tus
794 2134 939 2175 quarto
955 2137 1095 2174 preces
1122 2133 1293 2164 renovat
1309 2153 1319 2167 .,
1351 2124 1588 2174 Videndum
1619 2124 1672 2162 est
1692 2122 1830 2180 foliung

493 2174 572 2209 diei
589 2179 623 2212 8.
640 2175 743 2212 Maii
764 2180 878 2220 1756.
899 2203 911 2222 ‚
930 2189 978 2217 ex
1001 2190 1098 2228 quo,
1118 2178 1155 2216 3(
1170 2177 1266 2216 fac‘ti
1282 2177 1495 2226 species,&
1512 2175 1671 2224 pleniu's
1688 2183 1826 2223 repet!

495 2223 655 2270 poffunt
672 2252 683 2271 ,
700 2240 786 2278 quae
804 2229 844 2267 iu
860 2230 974 2267 causa
990 2239 1088 2268 tunc
1105 2228 1347 2268 dicebantur
1362 2258 1373 2269 .

439 2276 559 2318 Nihil
579 2278 674 2315 novi
692 2279 740 2319 iis
758 2303 771 2322 ‚
791 2293 876 2330 quae
891 2289 991 2322 tunc
1009 2280 1205 2319 afferebat
1223 2281 1428 2321 Carbonus
1445 2290 1552 2318 nunc
1565 2276 1694 2317 addit.
1715 2277 1818 2316 Sen-

491 2330 667 2367 tentiam
693 2330 746 2370 A.
764 2331 812 2371 C.
850 2341 1076 2383 propugnat
1107 2331 1184 2374 effe
1200 2332 1379 2371 validam
1394 2357 1407 2376 ‚
1433 2343 1511 2370 non
1542 2337 1778 2369 revocatam
1807 2342 1821 2371 ε

491 2381 691 2430 quidquid
708 2384 859 2439 gestum
875 2386 1004 2432 postea
1020 2385 1100 2423 fuit
1112 2384 1158 2421 ab
1180 2384 1373 2434 Episcopo
1388 2382 1630 2439 Placentino
1645 2393 1691 2439 ex
1707 2393 1821 2421 man-0

489 2433 590 2471 dato
603 2433 828 2481 pontificis,
847 2446 958 2477 extra
975 2437 1162 2478 ordinem
1176 2435 1291 2477 fuisse
1304 2450 1319 2478 ‚·
1335 2444 1517 2477 attamen
1530 2434 1634 2473 nlhll
1654 2433 1749 2472 inde
1764 2434 1818 2475 de

490 2486 559 2523 sua
577 2487 778 2526 sententia
797 2488 1049 2536 postmodum
1065 2513 1078 2533 ‚
1095 2501 1141 2528 ac
1163 2488 1213 2528 de
1229 2488 1297 2528 sua
1318 2500 1435 2539 poena
1453 2489 1721 2526 immutatum
1739 2500 1754 2527 5
1769 2498 1819 2526 ex

490 2549 570 2626 §uo
587 2538 804 2578 Clariffima
822 2541 939 2580 venit
956 2541 1143 2591 probatio
1159 2542 1267 2580 male
1281 2542 1439 2582 curiam
1455 2566 1468 2586 ‚
1486 2541 1595 2580 rene
1610 2538 1717 2581 ΑΩ.
1734 2538 1819 2579 ἀι)

513 2602 560 2627 ua
574 2592 689 2630 causa
704 2591 939 2637 judicavisse
955 2623 966 2632 .

440 2639 489 2678 Se
506 2652 577 2687 pro
593 2644 728 2683 tutela
748 2645 821 2682 suae
836 2645 929 2684 vitae
947 2670 961 2689 ‚
977 2658 1054 2685 non
1074 2658 1119 2686 ex
1137 2645 1325 2685 industria
1340 2643 1530 2684 occidisse
1563 2646 1777 2685 homiuem
1793 2667 1812 2689 ,

493 2693 698 2739 perditum
714 2697 890 2735 moribus
909 2722 921 2741 ‚
949 2697 1222 2737 facinorosum
1240 2724 1252 2744 ,
1269 2698 1471 2736 minacem
1489 2721 1502 2741 ‚
1532 2710 1578 2737 ac
1594 2700 1661 2737 fibi
1677 2707 1819 2737 occur·-

491 2753 654 2782 reutem
673 2757 877 2786 armatum
894 2761 903 2787 ι
921 2748 1061 2801 justam
1077 2755 1240 2788 timorem
1257 2752 1442 2787 cadentem
1474 2754 1511 2788 in
1529 2752 1740 2802 constantem
1756 2751 1817 2785 vi-

490 2809 574 2835 rum
590 2806 687 2838 tunc
704 2812 753 2839 co
766 2802 934 2840 occursu
950 2813 1114 2843 vincere
1132 2801 1369 2855 nequivisse:
1386 2802 1675 2854 obtemperasse
1695 2809 1816 2840 natu-

1769 2863 1821 2893 rx
