1889 2959
1347 128 1362 155 ι
1376 127 1419 161 17

49 187 51 190 ⁴
140 170 175 209 H
185 166 404 210 EATINA
433 166 784 209 NULLITATIS
814 166 1182 215 MATRIMONII
1200 198 1209 207 .
1253 168 1416 208 Nobilis
1472 166 1633 221 Seli-24.
1661 183 1782 224 capa,

157 222 297 262 Puella
339 220 390 261 D.
426 221 545 262 Anna
573 221 703 263 Maria
745 223 953 273 Leognani
992 222 1249 265 Ferramosca
1289 221 1416 261 Ducis
1447 221 1492 258 de
1507 224 1631 271 Resor.
1659 229 1778 268 Matr,

88 274 242 316 Alanni
256 273 360 313 filia
376 298 390 317 a
420 287 506 325 quae
521 273 588 313 die
607 288 641 315 2.
659 274 755 324 Julii
779 285 1006 324 1747.nata
1037 277 1076 314 in
1091 274 1219 315 Terra
1231 274 1383 315 Alanni
1400 298 1415 318 ,

92 341 115 368 a
132 325 310 378 pluribus
329 327 444 365 anuis
462 327 633 377 degebat
653 327 815 368 Theate
832 328 900 369 sub
915 328 1112 369 Parochia
1133 327 1318 367 Ecclefiae
1332 324 1412 365 Ca-

93 378 293 420 thedralis
311 403 324 421 ‚
351 378 421 419 die
447 393 509 427 29·
526 379 681 429 Aprilis
712 393 824 428 1759-
844 407 856 426 ‚
886 394 965 432 quo
994 381 1033 421 ei
1058 381 1228 420 deerant
1255 378 1413 419 menses

88 433 170 472 duo
184 454 197 474 ‚
226 431 265 470 ὃς
278 430 364 471 dies
394 434 570 482 quinque
599 433 649 474 ad
676 435 961 483 complendam
990 441 1154 475 aetatem
1171 431 1416 474 duodecim-⁴

94 495 292 524 annorum
308 509 320 527 ‚
337 484 654 524 Matrimonium
672 487 875 526 contraxit
891 499 985 527 cum
1002 485 1051 526 D.
1070 485 1230 535 Ignatio
1247 484 1297 523 de
1327 484 1414 523 Du-

93 549 137 576 ra
154 535 271 576 Duce
288 535 557 577 Collis-Petri
574 559 587 579 9
602 549 740 577 coram
756 537 1127 586 Archipresbytero
1157 537 1312 587 Oppidi
1338 534 1415 591 Ca-

95 588 281 633 tineam,
313 589 418 638 quod
435 587 617 628 Feudum
631 591 684 628 est
712 590 787 629 suae
816 590 972 632 Domus
989 616 1001 636 ‚
1030 589 1199 629 Nullius
1226 590 1411 630 Abbatiae

95 640 367 680 Murronenfis
387 666 397 685 ,
417 639 483 681 ubi
502 639 630 679 infans
647 642 926 692 quinquennio
954 640 1231 691 permanserat
1249 669 1259 681 .

44 691 111 735 Ne
128 702 268 732 tamen
283 692 346 730 illi
363 694 533 732 obstaret
549 692 730 733 cle-festus
749 694 946 743 legitimae
961 693 1094 735 aetatis
1112 719 1124 738 ‚
1140 693 1292 734 Literae
1307 692 1417 741 Apo-

88 745 237 784 stolicae
255 745 483 794 impetratae
501 743 662 787 fuerant
676 773 688 791 ,
719 747 862 795 praevia
881 747 1081 788 relatione
1103 744 1417 793 Arcliiepiscopi

94 796 295 836 Theatini
313 823 325 843 ‚
356 797 424 847 qui
443 799 609 840 testatus
627 809 742 844 erat,
774 800 950 848 congrue
967 812 990 842 a
1022 800 1061 839 se
1092 799 1417 846 interrogatam-2

94 849 284 889 Puellam
301 850 351 889 de
368 849 627 890 Matrimonii
643 852 800 895 valore,
819 852 856 891 Sc
874 852 923 895 de
939 852 1064 894 libera
1080 853 1297 892 voluntate
1313 849 1417 890 illud

93 901 395 945 contrahendi,
418 904 526 943 redte
543 901 782 952 respondisse
800 934 809 946 .
829 905 905 945 His
922 913 1062 943 autem
1077 901 1301 946 Literisffid
1316 913 1415 951 quas

93 954 370 1003 impetrandas
400 965 605 997 narratum
639 955 775 996 fuerat
815 955 1200 996 SANCTISSIMO
1243 955 1371 993 DOM
1381 954 1419 991 l-

91 1005 183 1046 NO
211 1005 449 1047 NOSTRO
470 1031 482 1050 ‚
501 1007 608 1058 quod
628 1008 666 1047 in
686 1020 732 1050 ea
748 1009 907 1049 malitia
926 1008 983 1047 ita
1000 1010 1206 1058 supplebat
1227 1016 1389 1046 aetatem
1405 1032 1417 1051 ‚

91 1066 141 1098 ut
157 1057 207 1097 de
219 1059 310 1104 jure
323 1059 640 1100 Matrimonium
657 1063 903 1099 contrahere
918 1059 1044 1109 posset
1059 1085 1071 1104 ‚
1104 1061 1291 1099 Summus
1311 1059 1419 1098 Pon-

98 1107 202 1150 tifex
219 1111 422 1152 commisit
435 1111 603 1152 Vicario
618 1111 813 1153 Generali
831 1112 1041 1153 Theatino
1059 1139 1070 1157 ,
1104 1122 1147 1151 ut
1164 1125 1242 1150 non
1261 1114 1418 1151 obstan-

94 1169 141 1202 te
156 1160 286 1202 aetatis
299 1161 462 1204 defertu
479 1190 492 1210 ‚
512 1177 585 1214 pro
597 1164 879 1207 contrahendo
891 1165 1162 1207 Matrimonio
1176 1165 1223 1202 ad
1241 1162 1417 1202 formam

97 1213 210 1255 Sacri
226 1213 410 1256 Concilii
427 1215 664 1260 Tridentini
681 1218 847 1257 veniam
877 1218 1165 1265 impertiretur
1183 1217 1418 1256 authorita-

94 1273 141 1307 te
160 1266 395 1316 Apostolica
413 1294 425 1313 ‚
442 1270 592 1318 praevio
608 1279 746 1308 tamen
760 1269 1086 1319 adimplemento
1113 1269 1288 1316 duplicis
1316 1281 1416 1307 con-

93 1317 270 1358 ditionis
287 1320 351 1359 his
367 1321 500 1367 verbis
518 1322 699 1371 expresse
716 1337 743 1358 ε
759 1331 802 1360 ut
815 1323 861 1361 de
873 1326 1046 1371 praemtfffis
1073 1333 1108 1360 te
1137 1322 1332 1369 diligenter
1356 1325 1416 1358 in-

89 1370 251 1419 firmes,
281 1375 324 1416 dr
343 1373 376 1423 fi
389 1382 453 1422 per
465 1374 757 1420 informationem
784 1377 933 1413 eandem
963 1379 1030 1412 tibi
1059 1379 1170 1417 vere),
1196 1374 1416 1419 &legitima

88 1422 296 1474 “constiterit
312 1448 325 1468 ‚
342 1429 380 1463 in
393 1426 595 1473 huiusmodi
612 1427 790 1474 impubere
815 1427 995 1467 malitiam
1015 1426 1182 1475 supplere
1208 1425 1416 1471 defefJum

100 1478 224 1515 aetati5
236 1474 442 1529 hujusmodi
457 1489 466 1517 ε
484 1476 669 1527 explorata
680 1481 782 1526 prins
799 1478 836 1516 d.
852 1478 1126 1520 AnnaeM‘ariae
1153 1478 1340 1517 voluntate
1354 1503 1365 1521 ‚
1387 1478 1421 1525 fi
1436 1513 1440 1517 ,

99 1527 315 1578 ipsasponte
331 1553 344 1573 ‚
358 1542 427 1567 non
441 1540 561 1567 autem
573 1533 614 1569 vi
628 1553 642 1572 ‚
659 1539 757 1568 metu
772 1552 784 1572 ,
800 1539 865 1566 aut
880 1530 1067 1570 blanditiis
1087 1555 1099 1574 ‚
1119 1529 1181 1567 vel
1189 1530 1422 1577 promistioni-

97 1581 162 1619 bus
175 1582 224 1618 ad
237 1578 442 1634 hujusmodi
455 1583 734 1622 Matrimonium
748 1583 1026 1622 contrahendum
1041 1584 1242 1622 inducatur
1257 1610 1267 1621 .

48 1631 129 1675 Sed
143 1644 189 1673 ex
207 1631 386 1681 processu
421 1634 646 1672 constructo
668 1633 706 1672 in
731 1632 855 1675 Curia
872 1634 1227 1683 Archiepiscopali
1247 1632 1424 1672 Theati-

97 1695 148 1724 na
163 1709 175 1728 ‚
192 1694 288 1726 ante
303 1685 562 1726 celebratum
590 1685 909 1725 Matrimonium
927 1711 940 1730 ‚
969 1687 1050 1726 alia
1079 1697 1157 1725 non
1171 1695 1340 1734 apparet
1366 1686 1425 1724 in-

99 1737 265 1789 quifitio
283 1750 425 1777 eorum
444 1765 456 1784 ,
472 1752 558 1789 quae
578 1739 618 1776 in
635 1738 788 1776 Literis
808 1738 1052 1788 Apostolicis
1070 1739 1425 1786 praecipiebantur,

100 1791 222 1841 quam
235 1803 306 1839 per
324 1791 556 1840 genericam
575 1791 946 1840 interrogationem
963 1791 1114 1831 Puellae
1132 1790 1280 1830 fastam
1298 1803 1318 1829 a
1348 1790 1424 1830 Vi-

99 1843 211 1883 cario
235 1843 433 1884 Generali
453 1844 520 1883 die
539 1858 598 1882 20.
613 1843 763 1883 Martii
784 1855 898 1891 1759,
928 1845 1045 1894 super
1072 1843 1242 1883 scientia
1269 1842 1422 1882 valoris

98 1893 392 1941 Matrimonii,
424 1897 462 1936 δε
493 1897 610 1947 super
640 1896 768 1935 libera
796 1899 1014 1937 voluntate
1032 1896 1134 1935 illud
1153 1893 1426 1938 contrahendi

96 1948 194 1987 curn
214 1948 332 1988 Duce
349 1948 399 1989 de
416 1948 529 1990 Dura
548 1974 560 1994 ‚
589 1947 638 1986 ad
653 1960 738 1998 quae
764 1949 908 1988 Puella
925 1948 1172 1988 affirmative
1190 1947 1398 1995 respondit
1413 1975 1423 1984 .

98 1999 161 2040 At
178 2008 262 2041 tres
282 1999 405 2040 modo
422 2026 435 2045 ‚
453 2000 523 2051 qui
540 1999 765 2041 afferuntur
782 2001 936 2046 Testes,
954 2013 1128 2051 quorum
1144 2002 1253 2042 alter
1270 2002 1323 2041 est
1336 2010 1427 2046 prO·

101 2049 276 2091 feffione
291 2051 482 2091 Medicus
498 2076 511 2094 ‚
537 2052 750 2098 deponunt
764 2077 778 2096 ,
792 2051 878 2090 fere
896 2064 965 2099 per
983 2062 1134 2093 annum
1150 2054 1229 2099 post
1243 2051 1425 2105 initum...

95 2102 420 2144 Matrimonium
439 2129 451 2147 ‚
469 2114 544 2142 nec
564 2101 807 2142 habitudine
825 2101 1018 2151 Corporis
1035 2127 1048 2147 ‚
1077 2115 1152 2141 nec
1178 2101 1331 2150 ingenii
1358 2112 1424 2138 vr-

95 2155 208 2196 ribus
229 2179 242 2200 ‚
257 2155 480 2204 prudentia
494 2181 506 2200 ,
521 2154 589 2194 vel
608 2153 858 2195 discretione
874 2180 887 2199 ‚
908 2153 1070 2195 Annam
1084 2154 1262 2194 Mariam
1293 2152 1422 2191 visam

96 2205 216 2249 fuisse
246 2207 338 2251 Viri
355 2215 573 2254 potentem
588 2232 600 2249 ‚
630 2218 710 2256 qua
723 2205 773 2247 de
801 2206 917 2246 causa
948 2207 1036 2251 ejus
1069 2205 1190 2246 Pater
1206 2205 1390 2243 declarat
1406 2230 1422 2249 ,

96 2261 385 2302 consumatum
399 2272 477 2299 non
492 2257 608 2298 fuisse
624 2257 968 2298 Matrimonium:
985 2259 1022 2299 Sc
1037 2259 1134 2297 binae
1150 2257 1423 2300 obstetrices,

100 2325 188 2363 quae
208 2313 320 2354 illius
335 2323 479 2359 corpus
497 2310 755 2360 inspexerunt
770 2309 837 2349 die
853 2325 915 2358 27.
930 2310 1088 2360 Aprilis
1109 2316 1220 2357 1761.
1240 2334 1253 2352 ,
1271 2310 1425 2348 testatae

101 2365 196 2406 sunt
213 2390 226 2411 ‚
253 2377 347 2407 eam
363 2363 562 2406 intaetam
583 2362 661 2406 esse
677 2390 690 2412 ‚
720 2362 758 2411 &
776 2364 958 2407 nondum
975 2363 1192 2406 muliebria
1218 2358 1334 2403 fuisse
1353 2372 1423 2405 ex-

131 2426 264 2458 ertam
280 2447 291 2459 .
844 2448 856 2452 «

55 2425 209 2510 antra
223 2468 487 2511 enunciatam
502 2479 666 2518 quoque
681 2468 720 2507 in
736 2467 882 2509 eodem
895 2467 1072 2517 processu
1088 2467 1258 2508 liberam
1276 2464 1426 2508 Puellae

105 2519 367 2563 voluntatem
399 2522 538 2570 plures
565 2521 823 2561 adducuntur
853 2521 991 2559 Testes
1023 2524 1258 2560 enarrantes
1286 2517 1424 2561 Patris

107 2568 328 2619 imperium
343 2600 357 2622 ,
375 2587 455 2626 quo
472 2573 544 2613 illa
560 2571 642 2612 fuit
669 2573 810 2612 coasta
825 2597 839 2617 ‚
857 2579 902 2612 ut
920 2570 1190 2610 Matrimonio
1213 2568 1425 2614 assentire-

108 2629 180 2662 tur
193 2648 208 2669 ,
241 2624 340 2671 licet
357 2625 583 2676 expressam
610 2622 885 2665 ostendidisset
903 2622 1010 2662 suam
1041 2622 1168 2662 animi
1195 2634 1424 2673 repugnan-

108 2673 214 2716 tiam
227 2702 239 2716 .
263 2675 378 2719 Unus
393 2678 506 2720 enim
522 2675 651 2720 refert
666 2677 820 2720 Puellae
835 2673 1054 2718 dissensum
1082 2675 1151 2717 fibi
1175 2675 1391 2766 panditt‘uim
1408 2699 1425 2720 φ

1359 2738 1429 2769 um
