1889 2959
88 215 186 246 vturn
203 207 414 248 Gismondi
431 234 444 255 ,
476 211 514 250 Sc
529 209 723 250 Carolum
743 211 888 263 Sanfigi
904 215 1033 254 alium
1052 226 1100 254 ex
1117 215 1277 254 voeatis
1303 175 1429 254 fami}

96 259 164 317 ms
181 286 194 306 ‚
219 261 336 310 super
361 261 663 303 conditionibus
682 290 694 308 ‚
722 278 806 316 quae
839 267 1048 318 utriusque
1077 267 1295 317 praebendae
1326 268 1427 314 adji-

95 312 249 370 ciendae
269 311 392 354 essent
409 343 418 352 .
449 315 513 355 De
531 317 591 355 his
607 318 695 356 asta
721 319 774 357 est
791 319 905 357 causa
925 320 964 358 in
981 322 1054 359 hac
1086 320 1176 359 Sac.
1195 319 1425 370 Congrega-

96 373 211 404 tione
226 367 285 403 die
302 370 366 410 26,
382 367 520 406 Martii
546 375 633 407 anm·
645 374 808 419 proxime
821 371 925 421 elapsi
954 373 1070 420 super
1087 372 1243 422 septem
1261 373 1392 412 dubiis
1410 396 1425 419 ‚

95 430 182 467 quae
198 417 248 456 ad
266 418 505 465 praesentem
519 424 835 465 controverfiam
854 437 931 462 non
950 425 1109 463 faciunt
1125 453 1136 463 .

41 468 254 508 Absolutis
271 470 378 510 hisce
395 471 695 519 litibus‚mense
709 474 823 520 Maio
841 475 1022 520 ejusdem
1039 479 1133 516 anui
1149 476 1304 516 crestio
1319 476 1427 518 fat‘ta

80 522 148 560 ‚est
162 551 172 560 .
200 521 436 573 Collegium
454 526 492 563 in
509 526 609 564 duos
626 538 750 566 novos
766 528 983 568 canonicos
1001 527 1233 568 nominavit
1251 531 1426 570 eundem

82 573 448 631 ,CarolumlSanfigi
463 603 476 622 ,
507 578 638 628 quiea
654 588 744 618 erat
760 588 882 618 aetate
898 605 912 625 ‚
944 590 988 620 ut
1009 581 1115 620 intra
1128 593 1279 620 annum
1297 581 1428 630 posset

82 628 143 667 ,ad
156 671 158 673 ,
171 628 446 668 sacerdotium
462 631 723 677 promoveri,
751 632 789 671 δε
811 631 1067 672 sacerdotem
1083 632 1278 672 Carolum
1295 633 1423 673 Peru·

93 679 164 736 sini
181 682 316 721 civem
332 709 342 719 .
376 681 486 720 Hinc
518 681 695 723 Ubertus
728 683 943 724 Gismondi
959 710 972 731 ‚
1004 684 1074 736 qui
1109 687 1157 724 ab
1184 697 1289 724 anno
1308 689 1422 732 1760.

96 733 327 773 inhibuerat
341 735 552 774 canonicis
569 747 618 776 ne
638 735 858 787 quidquam
876 737 914 777 in
927 737 986 776 sui
1003 736 1303 777 detrimentum
1320 737 1427 778 inte·-

90 796 160 843 rea
174 786 289 826 fieret
302 812 315 831 ‚
332 785 382 826 de
397 787 553 836 duplici
572 787 787 839 qu-estione
815 802 920 831 nunc
939 790 1028 829 Sac.
1045 789 1423 840 Congregationem
1461 827 1465 829 ,

82 847 319 888 interrogat
339 839 415 878 :de
448 841 749 889 dispensatione
778 842 938 883 scilicet
966 843 1084 891 super
1100 851 1221 883 aetate
1235 842 1303 882 fibi
1320 853 1419 881 con-

82 890 275 982 cedienic-ia
294 916 307 937 ,
335 893 374 932 &
393 892 445 932 de
472 894 668 934 nullitate
694 906 840 934 eorum
855 918 868 939 ‚
895 908 981 948 quae
998 895 1168 935 interim
1197 908 1220 935 a
1235 894 1426 945 Collegio

94 949 160 992 gel
179 955 200 982 a
236 951 308 982 unt
325 973 334 984 .

39 993 215 1045 Allegat
245 997 283 1036 se
299 998 360 1037 u‘ti
378 1010 503 1037 unum
521 1010 567 1038 ex
582 997 775 1045 familiis,
793 1013 838 1041 ac
856 999 1037 1040 testatori
1060 999 1129 1048 ipfi
1146 997 1423 1046 conjunstiffi-
1454 1005 1462 1011 “

91 1059 207 1087 mum
221 1073 234 1093 ,
260 1051 377 1096 cujus
395 1062 513 1089 manu
542 1064 563 1089 e
583 1052 695 1090 sacro
713 1052 968 1101 baptismatis
987 1051 1102 1091 fonte
1133 1053 1314 1096 sublatus
1331 1051 1423 1092 fue-

92 1110 156 1139 rat
174 1125 187 1146 ,
216 1101 464 1153 cuicumque
482 1102 779 1151 praeferendum
797 1131 809 1150 ‚
836 1106 873 1145 Ξ(
886 1117 988 1153 pene
1005 1104 1089 1153 ipso
1104 1102 1214 1143 fasto
1233 1113 1426 1152 patrono·

88 1164 184 1195 xum
204 1165 281 1193 non
300 1154 482 1202 indigere
509 1154 595 1193 Rot.
612 1156 720 1204 decis.
741 1161 768 1194 6
771 1170 788 1200 3
799 1171 836 1199 3..
860 1170 957 1195 num.
971 1171 1014 1196 α.
1032 1170 1149 1194 coram
1175 1160 1327 1205 Caprar.
1345 1158 1422 1193 ‘'n-‘³

91 1206 226 1295 Viczn.
273 1207 450 1254 Beneficii
493 1221 527 1247 2.
560 1207 671 1258 'Junii
712 1221 825 1256 1725.
867 1218 904 1253 s.
931 1211 1085 1248 Intentio
1122 1221 1240 1247 coram
1279 1208 1427 1248 Aldro-

92 1271 168 1297 van
196 1271 214 1297 o
231 1286 243 1298 .
976 1280 987 1287 ..
1006 1294 1015 1302 κ

39 1306 192 1361 Neque
206 1308 401 1351 affirmari
415 1312 521 1361 posse
537 1313 801 1355 vocationem
816 1312 1069 1354 familiarum
1083 1312 1204 1353 unice
1222 1309 1300 1352 effe
1315 1311 1428 1351 dire.-

93 1364 200 1406 ,stam
216 1362 437 1411 collegio,
467 1373 512 1402 ut
541 1378 632 1404 eam
659 1375 931 1417 exequeretur
958 1391 970 1409 ‚
1001 1366 1177 1415 ideoque
1204 1363 1430 1404 faetoiCol*
1455 1391 1463 1396 κ

89 1415 191 1464 legii
222 1414 404 1460 ejusdem
433 1428 533 1464 opus
563 1415 641 1456 esse
659 1443 671 1462 ,
699 1429 720 1456 a
755 1431 835 1470 quo
863 1417 1026 1457 merito-
1045 1426 1240 1467 tanquam
1262 1416 1428 1463 incapax

94 1465 317 1507 secundum
336 1467 472 1517 legem
505 1469 739 1512 testamenti
773 1470 956 1510 exclusus
973 1470 1020 1509 fit
1037 1499 1047 1509 .
1080 1467 1432 1517 Propugnat''ete·

92 1520 182 1562 nim
197 1531 243 1559 ex
262 1519 470 1568 petitione
488 1521 800 1569 dispensationis
812 1531 936 1561 antea
951 1521 1056 1561 {afta
1071 1545 1084 1564 ‚
1102 1521 1206 1570 &ex
1223 1519 1426 1566 rescripto

93 1571 192 1613 Sac.
205 1571 549 1621 Congregationis
569 1573 735 1612 illaesum
753 1573 820 1615 fibi
836 1572 1109 1624 quodcunque
1131 1573 1194 1617 jus
1211 1570 1391 1613 manfiffe
1410 1596 1426 1616 ,

93 1631 182 1664 tam
197 1632 241 1663 ut
257 1623 598 1672 dispensationem
615 1635 847 1675 opportuno
868 1634 1055 1674 ternpore
1071 1624 1429 1675 obtineret‚quam

92 1684 141 1717 ut
157 1676 288 1724 postea
309 1675 537 1726 eligeretur
551 1691 565 1717 ‚·
595 1678 730 1718 multo
746 1678 876 1729 magis
893 1690 988 1718 cum
1001 1685 1194 1727 ageretur
1209 1676 1259 1717 de
1270 1676 1428 1725 dispen-
1477 1683 1480 1686 ’

91 1727 250 1771 satione
267 1753 280 1773 ‚
310 1741 397 1779 quae
423 1729 663 1778 deneganda
690 1743 767 1770 non
793 1728 895 1772 effet
924 1730 1208 1780 exipsodure,
1239 1739 1291 1769 ex,
1312 1729 1428 1769 beni·

90 1781 258 1830 gnitate
275 1782 492 1830 apostolica
505 1808 519 1826 ‚
533 1784 572 1822 &
591 1794 637 1822 ex
654 1793 822 1831 recepto
838 1784 906 1829 huj
914 1793 958 1821 us
974 1780 1423 1831 Saea<30ngregationis

95 1833 168 1877 usu
187 1846 198 1872 :
225 1845 313 1885 quae
329 1846 429 1872 vero
441 1847 470 1872 a
485 1834 676 1884 Collegio
691 1833 841 1874 deinde
858 1834 965 1874 faeta
984 1833 1110 1874 essent
1125 1859 1137 1878 ,
1157 1833 1426 1877 manifestum

93 1886 283 1925 redolere
303 1886 420 1931 hujus
436 1885 474 1924 S.
496 1886 837 1935 Congregationis
864 1895 1155 1940 cont-emptum
1171 1909 1184 1929 ,
1209 1887 1325 1926 nulla
1344 1885 1425 1927 effe

65 1977 69 1982 ,
94 1935 337 1977 intrinsecus
357 1963 368 1983 ,
396 1937 566 1976 omnino
581 1937 833 1986 abroganda.
1158 1962 1165 1981 ;
1314 1946 1370 1981 »η’

40 1985 196 2029 Contra
211 1989 451 2039 Collegium
465 2012 478 2032 ‚
496 2001 541 2028 ac
560 1988 770 2034 Perusinus
785 1991 902 2037 aiunt
917 1990 1077 2033 nullum
1089 1990 1156 2035 jus-
1167 1990 1314 2036 habere
1332 1987 1427 2030 Gis-

92 2041 292 2082 mondum
305 2067 318 2086 ,
348 2040 417 2092 qui
446 2053 578 2090 neque
611 2042 808 2091 rescripto
828 2043 923 2081 *usus
939 2043 1031 2085 est«,
1059 2042 1157 2089 dum
1189 2039 1425 2080 nihilaliud

91 2103 327 2141 opportuno
355 2102 544 2140 tempore
574 2091 677 2138 fecit
693 2118 707 2137 ‚
737 2093 807 2132 nifi
821 2092 932 2144 quod
957 2101 1055 2133 ante
1073 2092 1328 2133 ereetionem
1354 2105 1424 2142 per

94 2150 301 2188 citationem
327 2144 541 2187 cameralem
565 2156 763 2191 novorum
778 2145 1067 2187 canonicorum
1096 2144 1426 2185 nominationem

93 2198 273 2241 inhibuit
287 2207 415 2240 sante
430 2197 759 2237 nominationem
778 2209 877 2239 vero
896 2196 1012 2246 super
1025 2196 1327 2245 dispensatione
1342 2201 1442 2238 nont
1465 2236 1470 2239 .

94 2250 341 2302 supplicavit
355 2278 368 2290 .
389 2249 488 2300 jure
507 2249 651 2289 dicunt
664 2246 788 2298 egiffe
804 2248 1041 2299 Collegium
1057 2273 1073 2295 ‚
1102 2249 1211 2300 quod
1225 2247 1422 2289 deficien-

94 2314 139 2346 te
157 2303 388 2353 capacitate
416 2302 549 2350 primo
582 2303 929 2348 loco-vocatorum
949 2324 962 2346 ‚
983 2301 1120 2350 elegit
1147 2313 1343 2351 capacem
1372 2312 1420 2340 ex

97 2358 340 2398 testamento
357 2354 495 2393 civem
510 2379 522 2398 ‚
551 2354 619 2393 cui
635 2353 871 2402 legitimum
885 2355 947 2399 jus
967 2353 1083 2393 illico
1101 2354 1311 2403 quaesitum
1335 2354 1388 2391 est
1402 2377 1419 2397 ‚

94 2417 142 2449 ut
156 2409 335 2459 petitam
366 2406 497 2455 postea
512 2407 559 2444 ab
587 2406 780 2453 incapace
806 2406 1148 2453 dispensationem
1177 2406 1417 2454 impugnet:

94 2473 174 2501 non
189 2458 482 2509 expeetandum
498 2468 519 2494 a
533 2457 742 2506 Collegio‚
773 2457 881 2508 quod
898 2457 1047 2507 aliquis
1078 2456 1277 2496 beneficio
1298 2456 1415 2495 Prin-

97 2511 199 2559 cipis
214 2523 339 2558 capax
363 2509 433 2548 fiat
448 2535 460 2554 ‚
493 2517 536 2547 ut
557 2508 726 2547 interim
755 2508 1044 2555 excludam-ris
1063 2532 1076 2552 ‚
1114 2508 1248 2558 quiex
1262 2509 1413 2551 &ode-m

96 2564 343 2604 testamento
355 2560 637 2605 vocationem,
654 2560 693 2599 ὃς
705 2561 985 2608 capacitatem
1005 2560 1251 2600 elestoribus
1267 2573 1415 2611 reprae-

97 2619 234 2657 sentat·
251 2639 264 2658 ‚
293 2614 332 2653 &
350 2613 494 2659 cuijus
527 2621 714 2661 tempore
743 2611 958 2651 elestionis
983 2635 997 2655 ‚
1021 2612 1130 2662 quod
1161 2614 1283 2653 habet
1302 2638 1316 2658 2
1344 2625 1419 2653 au-

96 2665 314 2708 ferendum
338 2675 415 2703 non
432 2666 485 2705 est
512 2666 633 2704 Piton.
649 2667 687 2702 in
700 2666 894 2713 Parergon.
911 2677 1075 2710 num.17.

48 2718 230 2763 Maxime
244 2716 342 2756 dum
354 2718 549 2765 agebatur
564 2717 614 2759 de
630 2716 832 2768 qualitate
848 2728 926 2756 non
943 2715 1131 2770 requisita
1161 2729 1184 2758 a
1197 2719 1288 2766 jure
1306 2741 1321 2765 ‚
1348 2715 1424 2809 secli³

101 2802 103 2804 .
1374 2781 1394 2809 a
