<?xml version="1.0" encoding="UTF-8"?>
<!DOCTYPE html PUBLIC "-//W3C//DTD XHTML 1.0 Transitional//EN"
    "http://www.w3.org/TR/xhtml1/DTD/xhtml1-transitional.dtd">
<html xmlns="http://www.w3.org/1999/xhtml" xml:lang="en" lang="en">
 <head>
  <title>
</title>
<meta http-equiv="Content-Type" content="text/html;charset=utf-8" />
  <meta name='ocr-system' content='tesseract 3.04.00' />
  <meta name='ocr-capabilities' content='ocr_page ocr_carea ocr_par ocr_line ocrx_word'/>
</head>
<body>
  <div class='ocr_page' id='page_1' title='image "./thesaurusresolut32cath_0265.png"; bbox 0 0 1889 2959; ppageno 0'>
   <div class='ocr_carea' id='block_1_1' title="bbox 45 181 1450 1895">
    <p class='ocr_par' dir='ltr' id='par_1_1' title="bbox 95 181 1441 640">
     <span class='ocr_line' id='line_1_1' title="bbox 1365 181 1386 212; baseline 0 0"><span class='ocrx_word' id='word_1_1' title='bbox 1365 181 1386 212; x_wconf 91' lang='lat'>7</span> 
     </span>
     <span class='ocr_line' id='line_1_2' title="bbox 95 219 1436 273; baseline -0.004 -9"><span class='ocrx_word' id='word_1_2' title='bbox 95 238 146 264; x_wconf 62' lang='lat' dir='ltr'>rae</span> <span class='ocrx_word' id='word_1_3' title='bbox 162 224 342 273; x_wconf 86' lang='lat' dir='ltr'>legibus:</span> <span class='ocrx_word' id='word_1_4' title='bbox 361 220 509 260; x_wconf 84' lang='lat' dir='ltr'>saltem</span> <span class='ocrx_word' id='word_1_5' title='bbox 526 221 684 268; x_wconf 84' lang='lat' dir='ltr'>pietate</span> <span class='ocrx_word' id='word_1_6' title='bbox 701 245 713 265; x_wconf 87' lang='lat'><strong>‚</strong></span> <span class='ocrx_word' id='word_1_7' title='bbox 729 231 852 271; x_wconf 73' lang='lat' dir='ltr'>atque</span> <span class='ocrx_word' id='word_1_8' title='bbox 872 221 1132 270; x_wconf 83' lang='lat' dir='ltr'>indulgentia</span> <span class='ocrx_word' id='word_1_9' title='bbox 1146 221 1314 271; x_wconf 83' lang='lat' dir='ltr'>dignum</span> <span class='ocrx_word' id='word_1_10' title='bbox 1331 219 1436 259; x_wconf 77' lang='lat' dir='ltr'>esse:</span> 
     </span>
     <span class='ocr_line' id='line_1_3' title="bbox 97 272 1436 326; baseline -0.004 -10"><span class='ocrx_word' id='word_1_11' title='bbox 97 278 314 326; x_wconf 89' lang='lat' dir='ltr'>multoque</span> <span class='ocrx_word' id='word_1_12' title='bbox 345 273 473 322; x_wconf 86' lang='lat' dir='ltr'>magis</span> <span class='ocrx_word' id='word_1_13' title='bbox 500 274 582 318; x_wconf 84' lang='lat' dir='ltr'>post</span> <span class='ocrx_word' id='word_1_14' title='bbox 597 273 798 313; x_wconf 84' lang='lat' dir='ltr'>sexdecim</span> <span class='ocrx_word' id='word_1_15' title='bbox 829 285 1025 312; x_wconf 85' lang='lat' dir='ltr'>annorum</span> <span class='ocrx_word' id='word_1_16' title='bbox 1042 273 1179 323; x_wconf 83' lang='lat' dir='ltr'>fugam</span> <span class='ocrx_word' id='word_1_17' title='bbox 1205 275 1251 312; x_wconf 92' lang='lat' dir='ltr'>ab</span> <span class='ocrx_word' id='word_1_18' title='bbox 1268 272 1436 312; x_wconf 84' lang='lat' dir='ltr'>admisso</span> 
     </span>
     <span class='ocr_line' id='line_1_4' title="bbox 107 326 1438 372; baseline -0.005 -2"><span class='ocrx_word' id='word_1_19' title='bbox 107 328 309 372; x_wconf 89' lang='lat' dir='ltr'>crimine,</span> <span class='ocrx_word' id='word_1_20' title='bbox 339 327 378 366; x_wconf 68' lang='grc' dir='ltr'>ὃ(</span> <span class='ocrx_word' id='word_1_21' title='bbox 393 327 593 364; x_wconf 89' lang='lat' dir='ltr'>morosam</span> <span class='ocrx_word' id='word_1_22' title='bbox 623 327 741 372; x_wconf 82' lang='lat' dir='ltr'>hujus</span> <span class='ocrx_word' id='word_1_23' title='bbox 759 326 946 365; x_wconf 86' lang='lat' dir='ltr'>beneficii</span> <span class='ocrx_word' id='word_1_24' title='bbox 978 326 1252 365; x_wconf 86' lang='lat' dir='ltr'>dilationem:</span> <span class='ocrx_word' id='word_1_25' title='bbox 1281 327 1321 365; x_wconf 86' lang='lat' dir='ltr'>id</span> <span class='ocrx_word' id='word_1_26' title='bbox 1337 332 1438 364; x_wconf 90' lang='lat' dir='ltr'>con-</span> 
     </span>
     <span class='ocr_line' id='line_1_5' title="bbox 106 377 1436 428; baseline -0.005 -6"><span class='ocrx_word' id='word_1_27' title='bbox 106 382 348 422; x_wconf 88' lang='lat' dir='ltr'>sentaneum</span> <span class='ocrx_word' id='word_1_28' title='bbox 364 377 440 418; x_wconf 87' lang='lat' dir='ltr'>esse</span> <span class='ocrx_word' id='word_1_29' title='bbox 458 387 664 427; x_wconf 76' lang='lat' dir='ltr'>perpetua·</span> <span class='ocrx_word' id='word_1_30' title='bbox 682 379 1172 428; x_wconf 84' lang='lat' dir='ltr'>huicS.Congregatiouis</span> <span class='ocrx_word' id='word_1_31' title='bbox 1192 379 1436 427; x_wconf 81' lang='lat' dir='ltr'>disciplinae,</span> 
     </span>
     <span class='ocr_line' id='line_1_6' title="bbox 105 430 1438 480; baseline -0.005 -5"><span class='ocrx_word' id='word_1_32' title='bbox 105 443 151 475; x_wconf 88' lang='lat' dir='ltr'>ut</span> <span class='ocrx_word' id='word_1_33' title='bbox 167 431 337 472; x_wconf 88' lang='lat' dir='ltr'>tandem</span> <span class='ocrx_word' id='word_1_34' title='bbox 352 430 710 470; x_wconf 83' lang='lat' dir='ltr'>commiseratione</span> <span class='ocrx_word' id='word_1_35' title='bbox 731 457 741 476; x_wconf 91' lang='lat'>‚</span> <span class='ocrx_word' id='word_1_36' title='bbox 758 445 802 470; x_wconf 86' lang='lat' dir='ltr'>ac</span> <span class='ocrx_word' id='word_1_37' title='bbox 825 432 1083 480; x_wconf 81' lang='lat' dir='ltr'>benignitate</span> <span class='ocrx_word' id='word_1_38' title='bbox 1101 432 1438 480; x_wconf 82' lang='lat' dir='ltr'>Apostolica,post</span> 
     </span>
     <span class='ocr_line' id='line_1_7' title="bbox 100 483 1434 533; baseline -0.004 -7"><span class='ocrx_word' id='word_1_39' title='bbox 100 486 338 526; x_wconf 86' lang='lat' dir='ltr'>diuturnam</span> <span class='ocrx_word' id='word_1_40' title='bbox 368 484 572 532; x_wconf 84' lang='lat' dir='ltr'>repulsam</span> <span class='ocrx_word' id='word_1_41' title='bbox 602 483 865 532; x_wconf 81' lang='lat' dir='ltr'>impertiatur</span> <span class='ocrx_word' id='word_1_42' title='bbox 895 484 1051 522; x_wconf 88' lang='lat' dir='ltr'>miseris</span> <span class='ocrx_word' id='word_1_43' title='bbox 1082 485 1202 533; x_wconf 84' lang='lat' dir='ltr'>longa</span> <span class='ocrx_word' id='word_1_44' title='bbox 1229 485 1434 522; x_wconf 88' lang='lat' dir='ltr'>malorum</span> 
     </span>
     <span class='ocr_line' id='line_1_8' title="bbox 99 535 1441 588; baseline -0.003 -11"><span class='ocrx_word' id='word_1_45' title='bbox 99 536 304 588; x_wconf 87' lang='lat' dir='ltr'>patientia</span> <span class='ocrx_word' id='word_1_46' title='bbox 321 561 335 583; x_wconf 91' lang='lat'>,</span> <span class='ocrx_word' id='word_1_47' title='bbox 364 537 403 576; x_wconf 85' lang='lat'>&amp;</span> <span class='ocrx_word' id='word_1_48' title='bbox 421 535 550 575; x_wconf 80' lang='lat' dir='ltr'>veniae</span> <span class='ocrx_word' id='word_1_49' title='bbox 567 537 852 584; x_wconf 60' lang='lat' dir='ltr'>expectatione</span> <span class='ocrx_word' id='word_1_50' title='bbox 871 535 1055 586; x_wconf 84' lang='lat' dir='ltr'>fatigatis</span> <span class='ocrx_word' id='word_1_51' title='bbox 1071 561 1084 581; x_wconf 87' lang='lat'>‚</span> <span class='ocrx_word' id='word_1_52' title='bbox 1118 537 1222 586; x_wconf 88' lang='lat' dir='ltr'>quod</span> <span class='ocrx_word' id='word_1_53' title='bbox 1238 537 1361 575; x_wconf 88' lang='lat' dir='ltr'>aliter</span> <span class='ocrx_word' id='word_1_54' title='bbox 1374 539 1441 581; x_wconf 79' lang='lat' dir='ltr'>ju-</span> 
     </span>
     <span class='ocr_line' id='line_1_9' title="bbox 103 586 716 640; baseline -0.007 -10"><span class='ocrx_word' id='word_1_55' title='bbox 103 591 157 630; x_wconf 87' lang='lat' dir='ltr'>ris</span> <span class='ocrx_word' id='word_1_56' title='bbox 177 590 313 640; x_wconf 88' lang='lat' dir='ltr'>rigore</span> <span class='ocrx_word' id='word_1_57' title='bbox 328 600 407 628; x_wconf 91' lang='lat' dir='ltr'>non</span> <span class='ocrx_word' id='word_1_58' title='bbox 423 586 687 627; x_wconf 85' lang='lat' dir='ltr'>obtinuiffent</span> <span class='ocrx_word' id='word_1_59' title='bbox 705 617 716 626; x_wconf 89' lang='lat'><strong>.</strong></span> 
     </span>
    </p>

    <p class='ocr_par' dir='ltr' id='par_1_2' title="bbox 45 639 1447 954">
     <span class='ocr_line' id='line_1_10' title="bbox 45 639 1442 694; baseline -0.004 -12"><span class='ocrx_word' id='word_1_60' title='bbox 45 641 191 694; x_wconf 24' lang='lat' dir='ltr'>*Urget-</span> <span class='ocrx_word' id='word_1_61' title='bbox 217 641 289 694; x_wconf 16' lang='lat' dir='ltr'>‘agi</span> <span class='ocrx_word' id='word_1_62' title='bbox 324 652 431 680; x_wconf 90' lang='lat' dir='ltr'>nunc</span> <span class='ocrx_word' id='word_1_63' title='bbox 458 639 509 679; x_wconf 90' lang='lat' dir='ltr'>de</span> <span class='ocrx_word' id='word_1_64' title='bbox 537 648 729 688; x_wconf 87' lang='lat' dir='ltr'>promoto</span> <span class='ocrx_word' id='word_1_65' title='bbox 758 649 853 679; x_wconf 89' lang='lat' dir='ltr'>ante</span> <span class='ocrx_word' id='word_1_66' title='bbox 885 640 1085 680; x_wconf 53' lang='lat' dir='ltr'>delictum</span> <span class='ocrx_word' id='word_1_67' title='bbox 1116 662 1129 683; x_wconf 85' lang='lat'>‚</span> <span class='ocrx_word' id='word_1_68' title='bbox 1158 652 1237 678; x_wconf 89' lang='lat' dir='ltr'>non</span> <span class='ocrx_word' id='word_1_69' title='bbox 1271 639 1319 677; x_wconf 87' lang='lat' dir='ltr'>de</span> <span class='ocrx_word' id='word_1_70' title='bbox 1350 652 1442 688; x_wconf 80' lang='lat' dir='ltr'>pro-</span> 
     </span>
     <span class='ocr_line' id='line_1_11' title="bbox 101 691 1444 742; baseline -0.004 -8"><span class='ocrx_word' id='word_1_71' title='bbox 101 693 310 736; x_wconf 76' lang='lat' dir='ltr'>movendo</span> <span class='ocrx_word' id='word_1_72' title='bbox 337 717 351 738; x_wconf 83' lang='lat'>‚</span> <span class='ocrx_word' id='word_1_73' title='bbox 379 700 425 731; x_wconf 86' lang='lat' dir='ltr'>ut</span> <span class='ocrx_word' id='word_1_74' title='bbox 453 691 666 731; x_wconf 77' lang='lat' dir='ltr'>canonistae</span> <span class='ocrx_word' id='word_1_75' title='bbox 679 692 899 742; x_wconf 84' lang='lat' dir='ltr'>distingunt</span> <span class='ocrx_word' id='word_1_76' title='bbox 916 717 928 737; x_wconf 85' lang='lat'>‚</span> <span class='ocrx_word' id='word_1_77' title='bbox 957 691 1122 740; x_wconf 83' lang='lat' dir='ltr'>Fagnan.</span> <span class='ocrx_word' id='word_1_78' title='bbox 1154 694 1194 729; x_wconf 79' lang='lat' dir='ltr'>in</span> <span class='ocrx_word' id='word_1_79' title='bbox 1212 694 1295 740; x_wconf 85' lang='lat' dir='ltr'>Cap.</span> <span class='ocrx_word' id='word_1_80' title='bbox 1328 695 1444 731; x_wconf 83' lang='lat' dir='ltr'>Hen-</span> 
     </span>
     <span class='ocr_line' id='line_1_12' title="bbox 101 743 1444 795; baseline -0.005 -7"><span class='ocrx_word' id='word_1_81' title='bbox 101 751 200 789; x_wconf 77' lang='lat' dir='ltr'>ricus</span> <span class='ocrx_word' id='word_1_82' title='bbox 227 747 274 785; x_wconf 84' lang='lat' dir='ltr'>de</span> <span class='ocrx_word' id='word_1_83' title='bbox 291 745 422 784; x_wconf 83' lang='lat' dir='ltr'>Cleric.</span> <span class='ocrx_word' id='word_1_84' title='bbox 434 754 543 795; x_wconf 80' lang='lat' dir='ltr'><em>pugn.</em></span> <span class='ocrx_word' id='word_1_85' title='bbox 572 747 612 782; x_wconf 82' lang='lat' dir='ltr'>in</span> <span class='ocrx_word' id='word_1_86' title='bbox 627 743 743 783; x_wconf 82' lang='lat' dir='ltr'>duell.</span> <span class='ocrx_word' id='word_1_87' title='bbox 775 746 813 783; x_wconf 87' lang='lat' dir='ltr'>se</span> <span class='ocrx_word' id='word_1_88' title='bbox 830 747 926 785; x_wconf 67' lang='lat' dir='ltr'>at‘tae</span> <span class='ocrx_word' id='word_1_89' title='bbox 957 746 1088 794; x_wconf 89' lang='lat' dir='ltr'>postea</span> <span class='ocrx_word' id='word_1_90' title='bbox 1115 744 1210 783; x_wconf 81' lang='lat' dir='ltr'>vitae</span> <span class='ocrx_word' id='word_1_91' title='bbox 1241 743 1444 783; x_wconf 86' lang='lat' dir='ltr'>constanti</span> 
     </span>
     <span class='ocr_line' id='line_1_13' title="bbox 99 796 1447 847; baseline -0.006 -7"><span class='ocrx_word' id='word_1_92' title='bbox 99 807 248 841; x_wconf 71' lang='lat' dir='ltr'>tenore</span> <span class='ocrx_word' id='word_1_93' title='bbox 261 810 342 838; x_wconf 89' lang='lat' dir='ltr'>non</span> <span class='ocrx_word' id='word_1_94' title='bbox 359 798 489 836; x_wconf 91' lang='lat' dir='ltr'>solum</span> <span class='ocrx_word' id='word_1_95' title='bbox 508 797 713 844; x_wconf 79' lang='lat' dir='ltr'>specimen</span> <span class='ocrx_word' id='word_1_96' title='bbox 729 796 879 838; x_wconf 84' lang='lat' dir='ltr'>dediffe</span> <span class='ocrx_word' id='word_1_97' title='bbox 893 797 1287 847; x_wconf 74' lang='lat' dir='ltr'>paeniteiitiae,atque</span> <span class='ocrx_word' id='word_1_98' title='bbox 1307 806 1447 836; x_wconf 49' lang='lat' dir='ltr'>emen*</span> 
     </span>
     <span class='ocr_line' id='line_1_14' title="bbox 100 848 1443 901; baseline -0.004 -9"><span class='ocrx_word' id='word_1_99' title='bbox 100 851 299 897; x_wconf 84' lang='lat' dir='ltr'>dationis,</span> <span class='ocrx_word' id='word_1_100' title='bbox 316 851 354 891; x_wconf 74' lang='grc' dir='ltr'>δε</span> <span class='ocrx_word' id='word_1_101' title='bbox 368 849 555 901; x_wconf 86' lang='lat' dir='ltr'>exempla</span> <span class='ocrx_word' id='word_1_102' title='bbox 567 850 720 901; x_wconf 88' lang='lat' dir='ltr'>aliqua,</span> <span class='ocrx_word' id='word_1_103' title='bbox 735 849 773 889; x_wconf 76' lang='lat' dir='ltr'>Sc</span> <span class='ocrx_word' id='word_1_104' title='bbox 788 858 1031 901; x_wconf 85' lang='lat' dir='ltr'>argumenta</span> <span class='ocrx_word' id='word_1_105' title='bbox 1048 872 1061 894; x_wconf 85' lang='lat'>‚</span> <span class='ocrx_word' id='word_1_106' title='bbox 1091 850 1159 889; x_wconf 89' lang='lat' dir='ltr'>sed</span> <span class='ocrx_word' id='word_1_107' title='bbox 1175 848 1443 889; x_wconf 76' lang='lat' dir='ltr'>certissimam</span> 
     </span>
     <span class='ocr_line' id='line_1_15' title="bbox 102 904 411 954; baseline 0.003 -13"><span class='ocrx_word' id='word_1_108' title='bbox 102 904 388 954; x_wconf 78' lang='lat' dir='ltr'>probationem</span> <span class='ocrx_word' id='word_1_109' title='bbox 402 932 411 942; x_wconf 92' lang='lat'>.</span> 
     </span>
    </p>

    <p class='ocr_par' dir='ltr' id='par_1_3' title="bbox 49 952 1450 1622">
     <span class='ocr_line' id='line_1_16' title="bbox 49 952 1447 999; baseline -0.006 -1"><span class='ocrx_word' id='word_1_110' title='bbox 49 958 269 999; x_wconf 88' lang='lat' dir='ltr'>Promotor</span> <span class='ocrx_word' id='word_1_111' title='bbox 286 955 451 994; x_wconf 86' lang='lat' dir='ltr'>Fiscalis</span> <span class='ocrx_word' id='word_1_112' title='bbox 470 962 566 994; x_wconf 88' lang='lat' dir='ltr'>tunc</span> <span class='ocrx_word' id='word_1_113' title='bbox 580 955 801 996; x_wconf 88' lang='lat' dir='ltr'>obiiciebat</span> <span class='ocrx_word' id='word_1_114' title='bbox 831 954 910 996; x_wconf 89' lang='lat' dir='ltr'>esse</span> <span class='ocrx_word' id='word_1_115' title='bbox 925 955 1158 996; x_wconf 88' lang='lat' dir='ltr'>Carbonum</span> <span class='ocrx_word' id='word_1_116' title='bbox 1191 952 1447 993; x_wconf 85' lang='lat' dir='ltr'>homicidam</span> 
     </span>
     <span class='ocr_line' id='line_1_17' title="bbox 102 1002 1445 1056; baseline -0.005 -7"><span class='ocrx_word' id='word_1_117' title='bbox 102 1008 389 1050; x_wconf 81' lang='lat' dir='ltr'>voluntarium</span> <span class='ocrx_word' id='word_1_118' title='bbox 407 1008 570 1047; x_wconf 88' lang='lat' dir='ltr'>:nonin</span> <span class='ocrx_word' id='word_1_119' title='bbox 589 1008 822 1047; x_wconf 87' lang='lat' dir='ltr'>discrimine</span> <span class='ocrx_word' id='word_1_120' title='bbox 839 1009 934 1047; x_wconf 78' lang='lat' dir='ltr'>vita:</span> <span class='ocrx_word' id='word_1_121' title='bbox 953 1035 965 1053; x_wconf 85' lang='lat'><strong>‚</strong></span> <span class='ocrx_word' id='word_1_122' title='bbox 983 1009 1021 1047; x_wconf 67' lang='grc' dir='ltr'>ὃς</span> <span class='ocrx_word' id='word_1_123' title='bbox 1034 1019 1080 1047; x_wconf 85' lang='lat' dir='ltr'>ex</span> <span class='ocrx_word' id='word_1_124' title='bbox 1103 1007 1324 1056; x_wconf 88' lang='lat' dir='ltr'>improviso</span> <span class='ocrx_word' id='word_1_125' title='bbox 1341 1030 1354 1050; x_wconf 85' lang='lat'>‚</span> <span class='ocrx_word' id='word_1_126' title='bbox 1373 1002 1445 1043; x_wconf 88' lang='lat' dir='ltr'>sed</span> 
     </span>
     <span class='ocr_line' id='line_1_18' title="bbox 101 1055 1444 1109; baseline -0.005 -9"><span class='ocrx_word' id='word_1_127' title='bbox 101 1062 242 1104; x_wconf 89' lang='lat' dir='ltr'>ultore</span> <span class='ocrx_word' id='word_1_128' title='bbox 258 1060 395 1100; x_wconf 90' lang='lat' dir='ltr'>animo</span> <span class='ocrx_word' id='word_1_129' title='bbox 412 1084 424 1104; x_wconf 89' lang='lat'><strong>‚</strong></span> <span class='ocrx_word' id='word_1_130' title='bbox 440 1061 478 1099; x_wconf 81' lang='lat'>&amp;</span> <span class='ocrx_word' id='word_1_131' title='bbox 499 1060 684 1099; x_wconf 89' lang='lat' dir='ltr'>consulto</span> <span class='ocrx_word' id='word_1_132' title='bbox 700 1059 871 1109; x_wconf 75' lang='lat' dir='ltr'>patralse</span> <span class='ocrx_word' id='word_1_133' title='bbox 886 1062 1041 1100; x_wconf 86' lang='lat' dir='ltr'>crimen</span> <span class='ocrx_word' id='word_1_134' title='bbox 1061 1072 1070 1097; x_wconf 90' lang='lat'>:</span> <span class='ocrx_word' id='word_1_135' title='bbox 1099 1060 1197 1098; x_wconf 90' lang='lat' dir='ltr'>dum</span> <span class='ocrx_word' id='word_1_136' title='bbox 1217 1055 1444 1098; x_wconf 82' lang='lat' dir='ltr'>recitandis</span> 
     </span>
     <span class='ocr_line' id='line_1_19' title="bbox 101 1108 1445 1160; baseline -0.004 -8"><span class='ocrx_word' id='word_1_137' title='bbox 101 1114 213 1155; x_wconf 88' lang='lat' dir='ltr'>horis</span> <span class='ocrx_word' id='word_1_138' title='bbox 227 1112 436 1152; x_wconf 85' lang='lat' dir='ltr'>canonicis</span> <span class='ocrx_word' id='word_1_139' title='bbox 452 1112 975 1157; x_wconf 85' lang='lat' dir='ltr'>incumbebat,nunciatum</span> <span class='ocrx_word' id='word_1_140' title='bbox 997 1110 1231 1151; x_wconf 77' lang='lat' dir='ltr'>adventasse</span> <span class='ocrx_word' id='word_1_141' title='bbox 1249 1124 1319 1160; x_wconf 89' lang='lat' dir='ltr'>per</span> <span class='ocrx_word' id='word_1_142' title='bbox 1337 1108 1445 1149; x_wconf 89' lang='lat' dir='ltr'>vici-</span> 
     </span>
     <span class='ocr_line' id='line_1_20' title="bbox 103 1162 1440 1213; baseline -0.004 -8"><span class='ocrx_word' id='word_1_143' title='bbox 103 1166 172 1206; x_wconf 81' lang='lat' dir='ltr'>nia</span> <span class='ocrx_word' id='word_1_144' title='bbox 193 1165 434 1213; x_wconf 84' lang='lat' dir='ltr'>Repertum‚</span> <span class='ocrx_word' id='word_1_145' title='bbox 452 1163 594 1211; x_wconf 83' lang='lat' dir='ltr'>sponte</span> <span class='ocrx_word' id='word_1_146' title='bbox 608 1164 772 1203; x_wconf 84' lang='lat' dir='ltr'>obviam</span> <span class='ocrx_word' id='word_1_147' title='bbox 791 1164 914 1209; x_wconf 87' lang='lat' dir='ltr'>itum,</span> <span class='ocrx_word' id='word_1_148' title='bbox 930 1165 1021 1204; x_wconf 86' lang='lat' dir='ltr'>viso</span> <span class='ocrx_word' id='word_1_149' title='bbox 1035 1164 1203 1203; x_wconf 89' lang='lat' dir='ltr'>homine</span> <span class='ocrx_word' id='word_1_150' title='bbox 1221 1162 1440 1207; x_wconf 79' lang='lat' dir='ltr'>inclamas-</span> 
     </span>
     <span class='ocr_line' id='line_1_21' title="bbox 101 1212 1450 1266; baseline -0.003 -9"><span class='ocrx_word' id='word_1_151' title='bbox 101 1219 146 1258; x_wconf 81' lang='lat' dir='ltr'>se</span> <span class='ocrx_word' id='word_1_152' title='bbox 163 1229 174 1254; x_wconf 70' lang='grc' dir='ltr'>ε</span> <span class='ocrx_word' id='word_1_153' title='bbox 202 1215 262 1266; x_wconf 87' lang='lat' dir='ltr'>eja</span> <span class='ocrx_word' id='word_1_154' title='bbox 277 1216 539 1266; x_wconf 58' lang='lat' dir='ltr'>modostipatics</span> <span class='ocrx_word' id='word_1_155' title='bbox 557 1220 630 1253; x_wconf 81' lang='lat' dir='ltr'><em>tuis</em></span> <span class='ocrx_word' id='word_1_156' title='bbox 647 1230 713 1253; x_wconf 82' lang='lat' dir='ltr'>non</span> <span class='ocrx_word' id='word_1_157' title='bbox 729 1218 811 1254; x_wconf 81' lang='lat' dir='ltr'>ades</span> <span class='ocrx_word' id='word_1_158' title='bbox 830 1216 850 1254; x_wconf 64' lang='grc' dir='ltr'>τ’·</span> <span class='ocrx_word' id='word_1_159' title='bbox 870 1212 964 1256; x_wconf 78' lang='lat' dir='ltr'>liinc</span> <span class='ocrx_word' id='word_1_160' title='bbox 979 1228 1025 1256; x_wconf 83' lang='lat' dir='ltr'>ex</span> <span class='ocrx_word' id='word_1_161' title='bbox 1041 1218 1128 1255; x_wconf 87' lang='lat' dir='ltr'>alto</span> <span class='ocrx_word' id='word_1_162' title='bbox 1152 1215 1254 1254; x_wconf 85' lang='lat' dir='ltr'>nihil</span> <span class='ocrx_word' id='word_1_163' title='bbox 1271 1215 1356 1254; x_wconf 88' lang='lat' dir='ltr'>tale</span> <span class='ocrx_word' id='word_1_164' title='bbox 1375 1226 1450 1253; x_wconf 73' lang='lat' dir='ltr'>ve-</span> 
     </span>
     <span class='ocr_line' id='line_1_22' title="bbox 104 1266 1445 1318; baseline -0.003 -10"><span class='ocrx_word' id='word_1_165' title='bbox 104 1276 272 1309; x_wconf 80' lang='lat' dir='ltr'>rentem</span> <span class='ocrx_word' id='word_1_166' title='bbox 286 1266 478 1307; x_wconf 76' lang='lat' dir='ltr'>occidisse</span> <span class='ocrx_word' id='word_1_167' title='bbox 497 1280 508 1306; x_wconf 86' lang='lat'>:</span> <span class='ocrx_word' id='word_1_168' title='bbox 532 1277 695 1307; x_wconf 86' lang='lat' dir='ltr'>certum</span> <span class='ocrx_word' id='word_1_169' title='bbox 715 1268 755 1307; x_wconf 89' lang='lat' dir='ltr'>id</span> <span class='ocrx_word' id='word_1_170' title='bbox 773 1268 850 1308; x_wconf 83' lang='lat' dir='ltr'>effe</span> <span class='ocrx_word' id='word_1_171' title='bbox 865 1295 878 1314; x_wconf 91' lang='lat'>‚</span> <span class='ocrx_word' id='word_1_172' title='bbox 893 1282 940 1308; x_wconf 87' lang='lat' dir='ltr'>ex</span> <span class='ocrx_word' id='word_1_173' title='bbox 960 1269 1122 1308; x_wconf 85' lang='lat' dir='ltr'>testibus</span> <span class='ocrx_word' id='word_1_174' title='bbox 1141 1268 1210 1318; x_wconf 89' lang='lat' dir='ltr'>qui</span> <span class='ocrx_word' id='word_1_175' title='bbox 1229 1268 1268 1305; x_wconf 92' lang='lat' dir='ltr'>in</span> <span class='ocrx_word' id='word_1_176' title='bbox 1285 1279 1329 1305; x_wconf 90' lang='lat' dir='ltr'>re</span> <span class='ocrx_word' id='word_1_177' title='bbox 1346 1279 1445 1316; x_wconf 80' lang='lat' dir='ltr'>prae-</span> 
     </span>
     <span class='ocr_line' id='line_1_23' title="bbox 102 1318 1441 1370; baseline -0.001 -10"><span class='ocrx_word' id='word_1_178' title='bbox 102 1322 219 1361; x_wconf 83' lang='lat' dir='ltr'>sente</span> <span class='ocrx_word' id='word_1_179' title='bbox 240 1329 385 1364; x_wconf 85' lang='lat' dir='ltr'>erant,</span> <span class='ocrx_word' id='word_1_180' title='bbox 413 1319 482 1370; x_wconf 92' lang='lat' dir='ltr'>qui</span> <span class='ocrx_word' id='word_1_181' title='bbox 499 1320 716 1360; x_wconf 89' lang='lat' dir='ltr'>viderant:</span> <span class='ocrx_word' id='word_1_182' title='bbox 743 1321 949 1360; x_wconf 88' lang='lat' dir='ltr'>contraria</span> <span class='ocrx_word' id='word_1_183' title='bbox 982 1318 1133 1369; x_wconf 87' lang='lat' dir='ltr'>profari</span> <span class='ocrx_word' id='word_1_184' title='bbox 1148 1319 1441 1369; x_wconf 85' lang='lat' dir='ltr'>atestibus,qui</span> 
     </span>
     <span class='ocr_line' id='line_1_24' title="bbox 105 1370 1440 1422; baseline -0.002 -9"><span class='ocrx_word' id='word_1_185' title='bbox 105 1375 156 1413; x_wconf 84' lang='lat' dir='ltr'>ab</span> <span class='ocrx_word' id='word_1_186' title='bbox 173 1372 266 1412; x_wconf 87' lang='lat' dir='ltr'>aliis</span> <span class='ocrx_word' id='word_1_187' title='bbox 283 1370 486 1412; x_wconf 87' lang='lat' dir='ltr'>affirmant</span> <span class='ocrx_word' id='word_1_188' title='bbox 499 1372 539 1410; x_wconf 88' lang='lat' dir='ltr'>se</span> <span class='ocrx_word' id='word_1_189' title='bbox 560 1371 752 1411; x_wconf 83' lang='lat' dir='ltr'>audiviffe</span> <span class='ocrx_word' id='word_1_190' title='bbox 770 1385 780 1411; x_wconf 90' lang='lat'>:</span> <span class='ocrx_word' id='word_1_191' title='bbox 807 1372 976 1422; x_wconf 84' lang='lat' dir='ltr'>proinde</span> <span class='ocrx_word' id='word_1_192' title='bbox 1008 1372 1290 1411; x_wconf 87' lang='lat' dir='ltr'>voluntarium</span> <span class='ocrx_word' id='word_1_193' title='bbox 1304 1372 1440 1410; x_wconf 87' lang='lat' dir='ltr'>homi-</span> 
     </span>
     <span class='ocr_line' id='line_1_25' title="bbox 106 1423 1441 1473; baseline -0.001 -8"><span class='ocrx_word' id='word_1_194' title='bbox 106 1424 243 1465; x_wconf 79' lang='lat' dir='ltr'>cidam</span> <span class='ocrx_word' id='word_1_195' title='bbox 257 1432 458 1473; x_wconf 87' lang='lat' dir='ltr'>perpetuo</span> <span class='ocrx_word' id='word_1_196' title='bbox 476 1425 523 1462; x_wconf 88' lang='lat' dir='ltr'>ab</span> <span class='ocrx_word' id='word_1_197' title='bbox 537 1423 659 1469; x_wconf 79' lang='lat' dir='ltr'>altari</span> <span class='ocrx_word' id='word_1_198' title='bbox 672 1425 893 1463; x_wconf 86' lang='lat' dir='ltr'>arcendum</span> <span class='ocrx_word' id='word_1_199' title='bbox 912 1436 922 1462; x_wconf 74' lang='grc' dir='ltr'>ε</span> <span class='ocrx_word' id='word_1_200' title='bbox 951 1423 1063 1463; x_wconf 84' lang='lat' dir='ltr'>nefas</span> <span class='ocrx_word' id='word_1_201' title='bbox 1095 1423 1173 1463; x_wconf 86' lang='lat' dir='ltr'>effe</span> <span class='ocrx_word' id='word_1_202' title='bbox 1191 1423 1334 1472; x_wconf 83' lang='lat' dir='ltr'>impias</span> <span class='ocrx_word' id='word_1_203' title='bbox 1353 1449 1365 1469; x_wconf 85' lang='lat'>‚</span> <span class='ocrx_word' id='word_1_204' title='bbox 1395 1437 1441 1464; x_wconf 88' lang='lat' dir='ltr'>ac</span> 
     </span>
     <span class='ocr_line' id='line_1_26' title="bbox 104 1475 1442 1525; baseline -0.003 -8"><span class='ocrx_word' id='word_1_205' title='bbox 104 1477 411 1517; x_wconf 84' lang='lat' dir='ltr'>contaminatas</span> <span class='ocrx_word' id='word_1_206' title='bbox 442 1478 619 1516; x_wconf 87' lang='lat' dir='ltr'>humano</span> <span class='ocrx_word' id='word_1_207' title='bbox 634 1475 828 1525; x_wconf 86' lang='lat' dir='ltr'>sanguine</span> <span class='ocrx_word' id='word_1_208' title='bbox 856 1488 998 1515; x_wconf 83' lang='lat' dir='ltr'>manus</span> <span class='ocrx_word' id='word_1_209' title='bbox 1013 1477 1061 1515; x_wconf 88' lang='lat' dir='ltr'>ad</span> <span class='ocrx_word' id='word_1_210' title='bbox 1078 1475 1336 1515; x_wconf 70' lang='lat' dir='ltr'>attrecstanda</span> <span class='ocrx_word' id='word_1_211' title='bbox 1368 1488 1442 1515; x_wconf 86' lang='lat' dir='ltr'>un-</span> 
     </span>
     <span class='ocr_line' id='line_1_27' title="bbox 108 1527 1443 1581; baseline -0.003 -12"><span class='ocrx_word' id='word_1_212' title='bbox 108 1541 229 1581; x_wconf 91' lang='lat' dir='ltr'>quam</span> <span class='ocrx_word' id='word_1_213' title='bbox 250 1528 417 1577; x_wconf 86' lang='lat' dir='ltr'>pacifica</span> <span class='ocrx_word' id='word_1_214' title='bbox 432 1528 544 1567; x_wconf 90' lang='lat' dir='ltr'>sacra</span> <span class='ocrx_word' id='word_1_215' title='bbox 558 1527 726 1567; x_wconf 91' lang='lat' dir='ltr'>admitti</span> <span class='ocrx_word' id='word_1_216' title='bbox 744 1540 754 1566; x_wconf 93' lang='lat'>:</span> <span class='ocrx_word' id='word_1_217' title='bbox 771 1531 848 1568; x_wconf 87' lang='lat' dir='ltr'>hoc</span> <span class='ocrx_word' id='word_1_218' title='bbox 865 1528 994 1568; x_wconf 89' lang='lat' dir='ltr'>etiam</span> <span class='ocrx_word' id='word_1_219' title='bbox 1011 1529 1116 1579; x_wconf 89' lang='lat' dir='ltr'>apud</span> <span class='ocrx_word' id='word_1_220' title='bbox 1134 1528 1322 1566; x_wconf 87' lang='lat' dir='ltr'>ethnicos</span> <span class='ocrx_word' id='word_1_221' title='bbox 1339 1528 1443 1566; x_wconf 86' lang='lat' dir='ltr'>olim</span> 
     </span>
     <span class='ocr_line' id='line_1_28' title="bbox 106 1580 513 1622; baseline -0.007 -1"><span class='ocrx_word' id='word_1_222' title='bbox 106 1583 288 1622; x_wconf 82' lang='lat' dir='ltr'>solemne</span> <span class='ocrx_word' id='word_1_223' title='bbox 301 1580 488 1619; x_wconf 86' lang='lat' dir='ltr'>habitum</span> <span class='ocrx_word' id='word_1_224' title='bbox 501 1608 513 1618; x_wconf 93' lang='lat'>.</span> 
     </span>
    </p>

    <p class='ocr_par' dir='ltr' id='par_1_4' title="bbox 52 1632 1448 1790">
     <span class='ocr_line' id='line_1_29' title="bbox 52 1632 1446 1683; baseline -0.002 -8"><span class='ocrx_word' id='word_1_225' title='bbox 52 1634 185 1676; x_wconf 83' lang='lat' dir='ltr'>Causa</span> <span class='ocrx_word' id='word_1_226' title='bbox 199 1633 344 1674; x_wconf 87' lang='lat' dir='ltr'>eadem</span> <span class='ocrx_word' id='word_1_227' title='bbox 361 1641 488 1682; x_wconf 88' lang='lat' dir='ltr'>atque</span> <span class='ocrx_word' id='word_1_228' title='bbox 501 1632 661 1681; x_wconf 85' lang='lat' dir='ltr'>integra</span> <span class='ocrx_word' id='word_1_229' title='bbox 678 1633 731 1672; x_wconf 91' lang='lat' dir='ltr'>est</span> <span class='ocrx_word' id='word_1_230' title='bbox 748 1658 761 1678; x_wconf 93' lang='lat'>‚</span> <span class='ocrx_word' id='word_1_231' title='bbox 779 1646 866 1683; x_wconf 86' lang='lat' dir='ltr'>quae</span> <span class='ocrx_word' id='word_1_232' title='bbox 881 1644 985 1672; x_wconf 90' lang='lat' dir='ltr'>anno</span> <span class='ocrx_word' id='word_1_233' title='bbox 1001 1641 1090 1673; x_wconf 86' lang='lat' dir='ltr'>erat</span> <span class='ocrx_word' id='word_1_234' title='bbox 1118 1639 1229 1680; x_wconf 88' lang='lat'><em>1756.</em></span> <span class='ocrx_word' id='word_1_235' title='bbox 1252 1632 1446 1672; x_wconf 85' lang='lat' dir='ltr'>Conside-</span> 
     </span>
     <span class='ocr_line' id='line_1_30' title="bbox 107 1684 1448 1735; baseline -0.001 -9"><span class='ocrx_word' id='word_1_236' title='bbox 107 1686 280 1726; x_wconf 88' lang='lat' dir='ltr'>randum</span> <span class='ocrx_word' id='word_1_237' title='bbox 297 1711 310 1731; x_wconf 91' lang='lat'>‚</span> <span class='ocrx_word' id='word_1_238' title='bbox 328 1697 428 1724; x_wconf 89' lang='lat' dir='ltr'>num</span> <span class='ocrx_word' id='word_1_239' title='bbox 444 1684 660 1725; x_wconf 90' lang='lat' dir='ltr'>decursum</span> <span class='ocrx_word' id='word_1_240' title='bbox 693 1684 789 1724; x_wconf 85' lang='lat' dir='ltr'>inde</span> <span class='ocrx_word' id='word_1_241' title='bbox 805 1687 1004 1735; x_wconf 88' lang='lat' dir='ltr'>temporis</span> <span class='ocrx_word' id='word_1_242' title='bbox 1021 1686 1194 1735; x_wconf 83' lang='lat' dir='ltr'>spatium</span> <span class='ocrx_word' id='word_1_243' title='bbox 1210 1711 1222 1729; x_wconf 85' lang='lat'>‚</span> <span class='ocrx_word' id='word_1_244' title='bbox 1253 1686 1290 1724; x_wconf 72' lang='lat' dir='ltr'>Sc</span> <span class='ocrx_word' id='word_1_245' title='bbox 1307 1685 1448 1724; x_wconf 91' lang='lat' dir='ltr'>conti-</span> 
     </span>
     <span class='ocr_line' id='line_1_31' title="bbox 105 1736 1368 1790; baseline -0.002 -12"><span class='ocrx_word' id='word_1_246' title='bbox 105 1747 230 1779; x_wconf 91' lang='lat' dir='ltr'>nuata</span> <span class='ocrx_word' id='word_1_247' title='bbox 243 1738 356 1779; x_wconf 67' lang='lat' dir='ltr'>reae</span> <span class='ocrx_word' id='word_1_248' title='bbox 370 1736 542 1778; x_wconf 89' lang='lat' dir='ltr'>vivendi</span> <span class='ocrx_word' id='word_1_249' title='bbox 563 1737 668 1776; x_wconf 89' lang='lat' dir='ltr'>ratio</span> <span class='ocrx_word' id='word_1_250' title='bbox 687 1737 847 1789; x_wconf 90' lang='lat' dir='ltr'>aliquid</span> <span class='ocrx_word' id='word_1_251' title='bbox 863 1737 1005 1780; x_wconf 85' lang='lat' dir='ltr'>favore</span> <span class='ocrx_word' id='word_1_252' title='bbox 1019 1739 1200 1790; x_wconf 83' lang='lat' dir='ltr'>petentis</span> <span class='ocrx_word' id='word_1_253' title='bbox 1216 1737 1341 1776; x_wconf 82' lang='lat' dir='ltr'>faciat</span> <span class='ocrx_word' id='word_1_254' title='bbox 1358 1766 1368 1775; x_wconf 91' lang='lat'>.</span> 
     </span>
    </p>

    <p class='ocr_par' dir='ltr' id='par_1_5' title="bbox 53 1789 926 1895">
     <span class='ocr_line' id='line_1_32' title="bbox 159 1789 658 1831; baseline -0.004 0"><span class='ocrx_word' id='word_1_255' title='bbox 159 1791 307 1831; x_wconf 87' lang='lat' dir='ltr'>Denuo</span> <span class='ocrx_word' id='word_1_256' title='bbox 323 1790 444 1829; x_wconf 89' lang='lat' dir='ltr'>datur</span> <span class='ocrx_word' id='word_1_257' title='bbox 460 1789 630 1829; x_wconf 89' lang='lat' dir='ltr'>dubium</span> <span class='ocrx_word' id='word_1_258' title='bbox 648 1820 658 1829; x_wconf 89' lang='lat'><strong><em>.</em></strong></span> 
     </span>
     <span class='ocr_line' id='line_1_33' title="bbox 53 1842 926 1895; baseline -0.001 -11"><span class='ocrx_word' id='word_1_259' title='bbox 53 1842 126 1884; x_wconf 64' lang='lat' dir='ltr'>&#39;An</span> <span class='ocrx_word' id='word_1_260' title='bbox 125 1844 176 1894; x_wconf 82' lang='lat' dir='ltr'>fit</span> <span class='ocrx_word' id='word_1_261' title='bbox 181 1844 355 1895; x_wconf 83' lang='lat' dir='ltr'>standum</span> <span class='ocrx_word' id='word_1_262' title='bbox 369 1867 384 1889; x_wconf 88' lang='lat'>‚</span> <span class='ocrx_word' id='word_1_263' title='bbox 401 1843 463 1883; x_wconf 83' lang='lat' dir='ltr'>vel</span> <span class='ocrx_word' id='word_1_264' title='bbox 475 1843 718 1882; x_wconf 83' lang='lat' dir='ltr'>recedendum</span> <span class='ocrx_word' id='word_1_265' title='bbox 735 1857 756 1881; x_wconf 87' lang='lat' dir='ltr'>a</span> <span class='ocrx_word' id='word_1_266' title='bbox 771 1844 899 1895; x_wconf 71' lang='lat' dir='ltr'>dectfie</span> <span class='ocrx_word' id='word_1_267' title='bbox 914 1873 926 1883; x_wconf 91' lang='lat'><strong><em>.</em></strong></span> 
     </span>
    </p>
   </div>
   <div class='ocr_carea' id='block_1_2' title="bbox 270 1998 785 2048">
    <p class='ocr_par' dir='ltr' id='par_1_6' title="bbox 270 1998 785 2048">
     <span class='ocr_line' id='line_1_34' title="bbox 270 1998 785 2048; baseline 0 -9"><span class='ocrx_word' id='word_1_268' title='bbox 270 2000 317 2041; x_wconf 88' lang='lat' dir='ltr'>In</span> <span class='ocrx_word' id='word_1_269' title='bbox 331 1998 472 2040; x_wconf 88' lang='lat' dir='ltr'>decifis</span> <span class='ocrx_word' id='word_1_270' title='bbox 488 2026 502 2047; x_wconf 91' lang='lat'>‚</span> <span class='ocrx_word' id='word_1_271' title='bbox 533 2000 572 2042; x_wconf 73' lang='lat'>8&lt;</span> <span class='ocrx_word' id='word_1_272' title='bbox 587 2000 760 2048; x_wconf 86' lang='lat' dir='ltr'>amplius</span> <span class='ocrx_word' id='word_1_273' title='bbox 775 2027 785 2039; x_wconf 87' lang='lat'>.</span> 
     </span>
    </p>
   </div>
   <div class='ocr_carea' id='block_1_3' title="bbox 62 2205 1803 2678">
    <p class='ocr_par' dir='ltr' id='par_1_7' title="bbox 62 2205 1803 2678">
     <span class='ocr_line' id='line_1_35' title="bbox 172 2205 1803 2261; baseline 0.001 -14"><span class='ocrx_word' id='word_1_274' title='bbox 172 2207 322 2249; x_wconf 88' lang='lat' dir='ltr'>ICEN.</span> <span class='ocrx_word' id='word_1_275' title='bbox 374 2207 561 2248; x_wconf 89' lang='lat' dir='ltr'>Michael</span> <span class='ocrx_word' id='word_1_276' title='bbox 578 2206 732 2248; x_wconf 88' lang='lat' dir='ltr'>Vicens</span> <span class='ocrx_word' id='word_1_277' title='bbox 745 2205 948 2254; x_wconf 88' lang='lat' dir='ltr'>Hispanus</span> <span class='ocrx_word' id='word_1_278' title='bbox 978 2218 1082 2245; x_wconf 90' lang='lat' dir='ltr'>anno</span> <span class='ocrx_word' id='word_1_279' title='bbox 1102 2213 1215 2255; x_wconf 76' lang='lat'><em>1739.</em></span> <span class='ocrx_word' id='word_1_280' title='bbox 1234 2206 1455 2248; x_wconf 80' lang='lat' dir='ltr'>testamen·-</span> <span class='ocrx_word' id='word_1_281' title='bbox 1495 2211 1659 2260; x_wconf 83' lang='lat' dir='ltr'>Sess.25.</span> <span class='ocrx_word' id='word_1_282' title='bbox 1685 2213 1803 2261; x_wconf 82' lang='lat' dir='ltr'>cap.6.</span> 
     </span>
     <span class='ocr_line' id='line_1_36' title="bbox 62 2257 1707 2311; baseline -0.001 -10"><span class='ocrx_word' id='word_1_283' title='bbox 62 2270 72 2289; x_wconf 59' lang='lat'>³&gt;</span> <span class='ocrx_word' id='word_1_284' title='bbox 186 2271 232 2301; x_wconf 91' lang='lat' dir='ltr'>to</span> <span class='ocrx_word' id='word_1_285' title='bbox 262 2261 420 2311; x_wconf 87' lang='lat' dir='ltr'>legavit</span> <span class='ocrx_word' id='word_1_286' title='bbox 452 2260 622 2301; x_wconf 84' lang='lat' dir='ltr'>tertiam</span> <span class='ocrx_word' id='word_1_287' title='bbox 650 2268 809 2309; x_wconf 84' lang='lat' dir='ltr'>partem</span> <span class='ocrx_word' id='word_1_288' title='bbox 838 2257 1087 2297; x_wconf 71' lang='lat' dir='ltr'>haereditatis</span> <span class='ocrx_word' id='word_1_289' title='bbox 1132 2259 1450 2299; x_wconf 88' lang='lat' dir='ltr'>distribuendam</span> <span class='ocrx_word' id='word_1_290' title='bbox 1495 2265 1539 2302; x_wconf 81' lang='lat' dir='ltr'>de</span> <span class='ocrx_word' id='word_1_291' title='bbox 1552 2264 1707 2310; x_wconf 74' lang='lat' dir='ltr'>Reform.</span> 
     </span>
     <span class='ocr_line' id='line_1_37' title="bbox 108 2310 1452 2365; baseline -0.002 -11"><span class='ocrx_word' id='word_1_292' title='bbox 108 2315 353 2365; x_wconf 85' lang='lat' dir='ltr'>pauperibus</span> <span class='ocrx_word' id='word_1_293' title='bbox 369 2312 571 2362; x_wconf 83' lang='lat' dir='ltr'>parochiae</span> <span class='ocrx_word' id='word_1_294' title='bbox 590 2312 641 2352; x_wconf 89' lang='lat' dir='ltr'>de</span> <span class='ocrx_word' id='word_1_295' title='bbox 654 2312 768 2350; x_wconf 87' lang='lat' dir='ltr'>Mura</span> <span class='ocrx_word' id='word_1_296' title='bbox 798 2311 945 2352; x_wconf 89' lang='lat' dir='ltr'>Vicen.</span> <span class='ocrx_word' id='word_1_297' title='bbox 979 2310 1186 2358; x_wconf 88' lang='lat' dir='ltr'>dioecefis,</span> <span class='ocrx_word' id='word_1_298' title='bbox 1216 2312 1330 2357; x_wconf 83' lang='lat' dir='ltr'>cujus</span> <span class='ocrx_word' id='word_1_299' title='bbox 1361 2321 1452 2351; x_wconf 81' lang='lat' dir='ltr'>erat</span> 
     </span>
     <span class='ocr_line' id='line_1_38' title="bbox 108 2363 1449 2414; baseline -0.004 -7"><span class='ocrx_word' id='word_1_300' title='bbox 108 2368 244 2407; x_wconf 57' lang='lat' dir='ltr'>rector</span> <span class='ocrx_word' id='word_1_301' title='bbox 267 2393 283 2413; x_wconf 90' lang='lat'>‚</span> <span class='ocrx_word' id='word_1_302' title='bbox 312 2373 427 2406; x_wconf 88' lang='lat' dir='ltr'>certa</span> <span class='ocrx_word' id='word_1_303' title='bbox 445 2365 514 2404; x_wconf 88' lang='lat' dir='ltr'>die</span> <span class='ocrx_word' id='word_1_304' title='bbox 541 2389 556 2410; x_wconf 90' lang='lat'><strong>‚</strong></span> <span class='ocrx_word' id='word_1_305' title='bbox 585 2376 629 2405; x_wconf 92' lang='lat' dir='ltr'>ac</span> <span class='ocrx_word' id='word_1_306' title='bbox 647 2374 763 2405; x_wconf 88' lang='lat' dir='ltr'>certo</span> <span class='ocrx_word' id='word_1_307' title='bbox 777 2364 901 2404; x_wconf 90' lang='lat' dir='ltr'>modo</span> <span class='ocrx_word' id='word_1_308' title='bbox 916 2377 931 2404; x_wconf 85' lang='lat'>‚·</span> <span class='ocrx_word' id='word_1_309' title='bbox 960 2363 1154 2403; x_wconf 89' lang='lat' dir='ltr'>nimirum</span> <span class='ocrx_word' id='word_1_310' title='bbox 1170 2390 1183 2410; x_wconf 90' lang='lat'>‚</span> <span class='ocrx_word' id='word_1_311' title='bbox 1198 2363 1306 2414; x_wconf 90' lang='lat' dir='ltr'>quod</span> <span class='ocrx_word' id='word_1_312' title='bbox 1322 2373 1449 2412; x_wconf 90' lang='lat' dir='ltr'>pecu-</span> 
     </span>
     <span class='ocr_line' id='line_1_39' title="bbox 112 2414 1449 2465; baseline -0.003 -6"><span class='ocrx_word' id='word_1_313' title='bbox 112 2419 181 2459; x_wconf 85' lang='lat' dir='ltr'>nia</span> <span class='ocrx_word' id='word_1_314' title='bbox 203 2418 340 2459; x_wconf 85' lang='lat' dir='ltr'>omnis</span> <span class='ocrx_word' id='word_1_315' title='bbox 370 2429 418 2458; x_wconf 86' lang='lat' dir='ltr'>ex</span> <span class='ocrx_word' id='word_1_316' title='bbox 437 2418 551 2457; x_wconf 89' lang='lat' dir='ltr'>bonis</span> <span class='ocrx_word' id='word_1_317' title='bbox 577 2416 758 2456; x_wconf 89' lang='lat' dir='ltr'>venditis</span> <span class='ocrx_word' id='word_1_318' title='bbox 789 2417 1032 2455; x_wconf 88' lang='lat' dir='ltr'>retrahenda</span> <span class='ocrx_word' id='word_1_319' title='bbox 1064 2416 1168 2465; x_wconf 88' lang='lat' dir='ltr'>apud</span> <span class='ocrx_word' id='word_1_320' title='bbox 1203 2414 1305 2454; x_wconf 87' lang='lat' dir='ltr'>aedes</span> <span class='ocrx_word' id='word_1_321' title='bbox 1332 2426 1449 2464; x_wconf 85' lang='lat' dir='ltr'>paro-</span> 
     </span>
     <span class='ocr_line' id='line_1_40' title="bbox 114 2467 1448 2522; baseline 0 -14"><span class='ocrx_word' id='word_1_322' title='bbox 114 2471 214 2510; x_wconf 84' lang='lat' dir='ltr'>chiae</span> <span class='ocrx_word' id='word_1_323' title='bbox 244 2472 520 2522; x_wconf 82' lang='lat' dir='ltr'>deponeretur</span> <span class='ocrx_word' id='word_1_324' title='bbox 546 2483 561 2510; x_wconf 86' lang='lat'>‚·</span> <span class='ocrx_word' id='word_1_325' title='bbox 589 2468 829 2508; x_wconf 83' lang='lat' dir='ltr'>successores</span> <span class='ocrx_word' id='word_1_326' title='bbox 845 2468 1012 2516; x_wconf 88' lang='lat' dir='ltr'>parochi</span> <span class='ocrx_word' id='word_1_327' title='bbox 1043 2479 1207 2518; x_wconf 91' lang='lat' dir='ltr'>quoquo</span> <span class='ocrx_word' id='word_1_328' title='bbox 1225 2478 1329 2506; x_wconf 86' lang='lat' dir='ltr'>anno</span> <span class='ocrx_word' id='word_1_329' title='bbox 1343 2467 1448 2508; x_wconf 89' lang='lat' dir='ltr'>sexe</span> 
     </span>
     <span class='ocr_line' id='line_1_41' title="bbox 112 2520 1450 2574; baseline -0.001 -14"><span class='ocrx_word' id='word_1_330' title='bbox 112 2525 307 2570; x_wconf 79' lang='lat' dir='ltr'>parochia</span> <span class='ocrx_word' id='word_1_331' title='bbox 319 2523 582 2574; x_wconf 85' lang='lat' dir='ltr'>pauperiores</span> <span class='ocrx_word' id='word_1_332' title='bbox 601 2521 855 2570; x_wconf 56' lang='lat' dir='ltr'>seligerent„</span> <span class='ocrx_word' id='word_1_333' title='bbox 875 2520 967 2559; x_wconf 89' lang='lat' dir='ltr'>inde</span> <span class='ocrx_word' id='word_1_334' title='bbox 982 2528 1067 2559; x_wconf 90' lang='lat' dir='ltr'>tres</span> <span class='ocrx_word' id='word_1_335' title='bbox 1081 2520 1450 2571; x_wconf 87' lang='lat' dir='ltr'>sortirentur‚quo-</span> 
     </span>
     <span class='ocr_line' id='line_1_42' title="bbox 114 2572 1439 2627; baseline -0.005 -12"><span class='ocrx_word' id='word_1_336' title='bbox 114 2584 207 2612; x_wconf 84' lang='lat' dir='ltr'>rum</span> <span class='ocrx_word' id='word_1_337' title='bbox 235 2577 455 2627; x_wconf 90' lang='lat' dir='ltr'>unicuique</span> <span class='ocrx_word' id='word_1_338' title='bbox 482 2583 597 2614; x_wconf 89' lang='lat' dir='ltr'>certa</span> <span class='ocrx_word' id='word_1_339' title='bbox 613 2572 782 2611; x_wconf 88' lang='lat' dir='ltr'>daretur</span> <span class='ocrx_word' id='word_1_340' title='bbox 809 2572 963 2611; x_wconf 87' lang='lat' dir='ltr'>summa</span> <span class='ocrx_word' id='word_1_341' title='bbox 969 2572 1156 2620; x_wconf 77' lang='lat' dir='ltr'>scutorum</span> <span class='ocrx_word' id='word_1_342' title='bbox 1183 2573 1364 2618; x_wconf 81' lang='lat' dir='ltr'>duorum,</span> <span class='ocrx_word' id='word_1_343' title='bbox 1394 2575 1439 2616; x_wconf 73' lang='lat'>&amp;-</span> 
     </span>
     <span class='ocr_line' id='line_1_43' title="bbox 116 2623 1448 2678; baseline 0.002 -16"><span class='ocrx_word' id='word_1_344' title='bbox 116 2626 214 2666; x_wconf 73' lang='lat' dir='ltr'><em>obul.</em></span> <span class='ocrx_word' id='word_1_345' title='bbox 231 2640 298 2676; x_wconf 86' lang='lat'>40.</span> <span class='ocrx_word' id='word_1_346' title='bbox 314 2653 329 2673; x_wconf 90' lang='lat'>‚</span> <span class='ocrx_word' id='word_1_347' title='bbox 345 2627 474 2668; x_wconf 87' lang='lat' dir='ltr'>donec</span> <span class='ocrx_word' id='word_1_348' title='bbox 492 2625 664 2678; x_wconf 88' lang='lat' dir='ltr'>pecunia</span> <span class='ocrx_word' id='word_1_349' title='bbox 676 2625 808 2664; x_wconf 86' lang='lat' dir='ltr'>omnis</span> <span class='ocrx_word' id='word_1_350' title='bbox 827 2624 867 2662; x_wconf 89' lang='lat' dir='ltr'>in</span> <span class='ocrx_word' id='word_1_351' title='bbox 883 2636 974 2664; x_wconf 90' lang='lat' dir='ltr'>eam</span> <span class='ocrx_word' id='word_1_352' title='bbox 990 2623 1254 2674; x_wconf 84' lang='lat' dir='ltr'>largitionem</span> <span class='ocrx_word' id='word_1_353' title='bbox 1269 2624 1448 2664; x_wconf 85' lang='lat' dir='ltr'>insume-</span> 
     </span>
    </p>
   </div>
   <div class='ocr_carea' id='block_1_4' title="bbox 114 2676 1446 2767">
    <p class='ocr_par' dir='ltr' id='par_1_8' title="bbox 114 2676 1446 2767">
     <span class='ocr_line' id='line_1_44' title="bbox 114 2676 1446 2767; baseline -0.002 -51"><span class='ocrx_word' id='word_1_354' title='bbox 114 2686 233 2722; x_wconf 79' lang='lat' dir='ltr'>retur</span> <span class='ocrx_word' id='word_1_355' title='bbox 249 2708 260 2720; x_wconf 85' lang='lat'><strong>.</strong></span> <span class='ocrx_word' id='word_1_356' title='bbox 290 2680 494 2722; x_wconf 86' lang='lat' dir='ltr'>Vicefimo</span> <span class='ocrx_word' id='word_1_357' title='bbox 508 2681 591 2730; x_wconf 85' lang='lat' dir='ltr'>post</span> <span class='ocrx_word' id='word_1_358' title='bbox 605 2690 709 2720; x_wconf 87' lang='lat' dir='ltr'>anno</span> <span class='ocrx_word' id='word_1_359' title='bbox 724 2677 877 2720; x_wconf 87' lang='lat' dir='ltr'>tabulis</span> <span class='ocrx_word' id='word_1_360' title='bbox 893 2676 1079 2718; x_wconf 86' lang='lat' dir='ltr'>codicilli</span> <span class='ocrx_word' id='word_1_361' title='bbox 1091 2676 1241 2718; x_wconf 89' lang='lat' dir='ltr'>eisdem</span> <span class='ocrx_word' id='word_1_362' title='bbox 1254 2676 1446 2767; x_wconf 42' lang='lat' dir='ltr'>pauperi-</span> 
     </span>
     <span class='ocr_line' id='line_1_45' title="bbox 1400 2739 1445 2766; baseline -0.022 0"><span class='ocrx_word' id='word_1_363' title='bbox 1400 2739 1445 2766; x_wconf 83' lang='lat' dir='ltr'>US</span> 
     </span>
    </p>
   </div>
  </div>
 </body>
</html>
