1889 2959
1362 167 1436 206 ¹95

112 213 150 250 3<
169 210 385 250 voluntate
406 206 597 258 Episcopi
619 231 632 254 ,
658 205 996 248 confiderandum
1010 201 1110 247 effet
1129 220 1224 249 num
1243 208 1324 258 post
1337 221 1435 251 cen-

111 272 200 302 tum
220 289 232 307 ‚
258 264 295 303 8<
312 262 417 300 ultra
445 274 598 306 annos,
627 262 654 301 fi
671 274 749 301 non
767 262 806 301 ei
840 260 1085 310 derogatum
1117 262 1163 300 sit
1181 287 1194 307 ‚
1213 262 1358 302 saltem
1386 276 1436 304 ea

108 315 321 365 antiquata
339 313 472 354 videri
494 314 612 364 poffit
628 326 674 356 ex
693 316 812 365 longa
831 313 1124 363 Episcoporum
1140 316 1434 362 tolerantia‚&

109 379 156 407 ex
175 368 353 416 longaeva
371 367 573 415 patientia
589 366 892 407 Canonicornm
912 389 926 411 ‚
943 365 982 406 in
998 365 1140 417 quibus
1155 367 1257 413 juris
1273 390 1288 412 2
1321 370 1361 411 ὅ(
1375 368 1434 409 sui

106 418 206 465 juris
227 419 455 468 ignorantia
472 419 747 469 praesumenda
766 431 846 458 non
863 419 918 458 est
933 447 944 457 .

57 467 261 511 Praeterea
292 473 421 519 posito
451 497 464 517 ‚
504 472 629 521 quod}
656 472 696 511 in
726 473 816 517 jure
844 470 950 510 nihil
979 470 1178 518 scriptum
1205 479 1321 513 extet
1357 473 1435 513 cir-

109 536 155 563 ca
173 524 372 569 ejusmodi
387 524 554 565 modum
575 547 589 567 ‚
620 523 659 562 Sc
685 524 840 571 posito,
873 523 981 572 quod
996 535 1111 563 more
1129 526 1264 564 veteri
1284 525 1434 577 aliquis

103 576 295 616 solvendi
325 576 469 617 modus
508 575 698 625 legitime
724 583 917 623 receptus
947 574 1179 624 reperiatur
1202 599 1217 620 ‚
1249 577 1434 617 conside·-

105 628 277 668 randum
295 627 391 669 esset
405 653 420 672 ‚
445 640 542 667 num
555 640 625 677 pro
643 627 713 666 suo
729 627 850 667 libitu
870 638 974 665 nunc
993 625 1160 666 noviter
1177 628 1324 675 poffint
1341 640 1432 678 pau·

107 681 290 728 periores
307 680 473 719 modum
489 679 693 719 diversum
715 680 915 719 inducere
944 678 984 716 in
1003 679 1180 718 aliorum
1195 677 1432 721 dissentien-

105 733 212 772 tium
231 733 540 780 praejudicium:
569 745 666 771 num
685 731 804 782 poffit
821 731 1044 781 Episcopus
1068 728 1352 773 dissentientes
1380 732 1432 772 ad

105 797 257 824 novum
276 785 444 824 modum·
460 784 759 834 acceptandum
776 783 1032 832 compellere
1048 813 1060 824 .

52 837 370 889 Advertfiendum
386 838 571 876 occurrit
586 861 600 881 ‚
633 837 741 888 quod
755 840 794 875 in
818 835 1089 885 resolutionibus
1109 837 1238 878 Sacrae
1254 836 1436 888 Congre-

100 890 279 939 gatio'nis
309 914 334 933 ‚v
355 901 449 940 quas
478 889 655 929 afferunt
680 888 879 929 Canonici
896 888 1116 933 ‚rejicitur
1132 891 1390 929 consuetudo
1417 915 1436 936 ‚

104 943 171 982 sed
189 955 272 992 qua:
287 951 426 982 tamen
446 954 525 982 non
541 941 784 990 respiciebat
813 942 983 980 modum
998 941 1110 982 circa
1131 942 1325 992 expensas
1339 953 1432 991 pro-

102 994 329 1034 curationis
358 1018 372 1039 ,
400 995 479 1037 jsed
503 994 784 1033 omnimodam
811 1005 834 1032 a
861 994 1075 1044 praestanda
1104 994 1430 1045 procuratione,

102 1047 411 1096 exemptionem
425 1060 453 1092 5,
473 1047 589 1097 quod
611 1056 700 1085 erat
731 1055 875 1084 contra
893 1047 956 1090 ius
973 1056 1195 1088 commune
1211 1046 1429 1097 scriptum,

105 1100 172 1138 cui
189 1111 267 1138 non
284 1098 412 1138 facile
432 1111 506 1146 per
521 1097 859 1137 consuetudinem
878 1099 1115 1146 derogatur.

49 1149 115 1189 De
132 1152 191 1189 his
207 1151 393 1189 omnibus
413 1151 492 1190 ΗΕ.
510 1162 579 1199 pro
596 1150 663 1190 sua
676 1149 861 1189 domina
874 1149 1104 1190 decernent
1118 1180 1129 1191 .
1168 1149 1351 1190 Dubium
1376 1148 1426 1188 ab

101 1202 181 1241 ΕΒ.
198 1202 274 1242 ΡΡ.
295 1203 571 1243 decidendum
592 1203 645 1242 est

48 1255 296 1305 Anbexpensae
312 1257 582 1295 Prot-arationis
590 1257 664 1304 sint
680 1255 866 1306 aeqnaliter
881 1256 1094 1300 dividenda
1112 1279 1126 1305 ,
1135 1256 1344 1309 fivepotiut
1355 1263 1423 1305 pro

99 1308 383 1358 ratasrufluum
398 1308 662 1355 Beneficiorum
682 1333 699 1355 ‚‚
714 1312 761 1349 in.
772 1309 855 1359 casu
869 1310 946 1356 &m

162 1465 441 1509 OVARIEN.
490 1467 738 1508 UNIONIS
769 1497 779 1507 .
838 1467 1044 1517 Proposita
1075 1468 1295 1507 hac'causa
1325 1468 1426 1505 die-T
1485 1467 1800 1521 Sel‘s.2x.cap.5,·

190 1522 485 1570 11.Septemhris
520 1526 632 1567 1762.
661 1521 778 1566 super
808 1521 954 1558 eodem
976 1519 1112 1563 dubio
1143 1543 1156 1563 ‚
1180 1518 1288 1568 quod
1315 1516 1422 1558 infra
1457 1522 1504 1560 dc
1521 1522 1684 1569 Refhrm.

97 1571 325 1610 notandum
344 1574 397 1612 est
416 1599 428 1617 ‚
462 1572 703 1621 rescriptum
732 1570 836 1610 exiit
873 1572 1030 1617 dilata,
1058 1575 1102 1615 ξς·
1118 1571 1306 1620 scribatur
1332 1573 1423 1619 Epi-

86 1621 264 1672 scopopro
277 1626 524 1678 traqsmiffione
539 1626 698 1663 afferam
714 1655 722 1664 .
755 1623 1076 1672 obtemperavit
1091 1624 1173 1662 ΗΕ.
1194 1623 1269 1662 ΡΡ.
1290 1622 1422 1671 impe·-

92 1674 155 1712 rio
170 1675 389 1723 Episcopus
407 1703 419 1722 ,
450 1687 575 1729 atque
589 1679 679 1716 afta
707 1676 931 1716 transmissa
948 1677 1038 1715 sunt
1057 1704 1067 1714 .
1102 1676 1258 1715 Iterum
1278 1676 1418 1724 itaque

93 1729 338 1784 proponitur
369 1731 487 1769 causa
515 1754 528 1773 ‚
556 1731 671 1775 cujus
701 1728 797 1768 fasti
830 1729 1010 1778 speciem
1039 1741 1132 1767 cum
1150 1728 1332 1775 partium
1355 1728 1421 1772 ju-

93 1781 201 1818 ribus
224 1779 357 1828 folium
380 1785 466 1829 ejus
486 1782 572 1823 diei
593 1780 888 1831 complectitur
906 1780 1231 1821 luculentissime
1248 1810 1261 1820 .

42 1821 89 1864 1¹¹
108 1831 208 1874 assis
241 1834 440 1874 habentur
472 1847 577 1874 nunc
600 1836 685 1874 duo»
707 1835 876 1873 decreta
904 1833 1066 1872 unionis
1104 1833 1422 1882 parochiarum,

91 1894 138 1923 ac
154 1884 437 1934 suppreffionis
469 1886 748 1926 Sodalitatum
782 1884 1226 1929 SanctiffimiRosarii,
1260 1897 1305 1923 ac
1322 1885 1426 1922 San·

91 1935 257 1977 t‘tiffimi
286 1937 538 1979 Sacramenti
553 1964 567 1983 ,
593 1951 678 1988 qua:
697 1939 746 1976 in·
767 1948 868 1986 pago
885 1939 1079 1976 extabant
1097 1960 1109 1980 ,
1140 1947 1235 1976 cum
1250 1936 1427 1975 erectio-

90 1998 142 2026 ne
168 1989 343 2029 alterius
363 2003 504 2032 novae‚
535 2003 621 2040 quae
639 1991 849 2038 utriusque
878 1990 1035 2028 sodales
1068 1989 1110 2027 in
1138 2000 1263 2027 uuum
1281 1988 1426 2026 conso·

91 2037 228 2080 ciaret
254 2054 270 2081 3
312 2041 443 2081 litera:
471 2041 720 2082 Sereniffimi
756 2041 875 2089 Regis
909 2040 1102 2078 Sardinia:
1135 2065 1148 2084 ‚
1180 2052 1267 2088 quae
1299 2038 1421 2077 unio·—

88 2102 184 2130 nem
201 2095 422 2142 approbant
452 2107 467 2135 ,·
505 2093 751 2143 approbatio
777 2091 963 2140 Capituli
982 2091 1245 2129 Novarienfis
1274 2103 1289 2130 ,-
1319 2102 1417 2129 con·

90 2142 226 2183 sensus
255 2149 524 2194 parochorum
570 2172 584 2191 ‚
640 2144 968 2184 consiliariorum
996 2143 1087 2192 pagi
1118 2168 1132 2188 ,
1176 2142 1216 2181 Sc
1257 2141 1415 2180 officia-

87 2194 194 2234 lium
213 2198 425 2249 utriusque
455 2198 609 2238 veteris
643 2196 889 2236 sodalitatis
920 2209 936 2236 ‚·
976 2195 1129 2234 elefflo
1173 2192 1415 2234 officialium

88 2258 203 2289 novae
241 2248 480 2290 Sodalitatis
496 2251 641 2291 crestae
657 2274 670 2295 ‚
700 2261 747 2288 ac
763 2249 937 2287 duorum
965 2248 1289 2296 'capellanorum
1307 2270 1321 2291 ,
1346 2245 1417 2297 qui

86 2309 213 2340 unum
228 2302 378 2342 deinde
394 2306 614 2352 parochum
633 2302 672 2341 iu
693 2313 790 2340 cura
809 2308 1012 2349 perpetuo
1026 2298 1320 2344 coadjuvarent
1349 2326 1361 2335 .

35 2349 253 2403 Episcopus
284 2366 433 2394 novam
459 2355 704 2394 relationem
737 2352 884 2398 adjicit
900 2376 914 2396 ‚
946 2351 985 2390 in
1005 2364 1081 2402 qua
1098 2350 1150 2389 de
1171 2349 1319 2405 unione
1337 2359 1411 2386 nc·-

89 2403 256 2445 ceffario
281 2430 297 2451 ‚
322 2419 368 2446 ac
394 2407 511 2446 'ret‘te
530 2432 545 2451 ‚
575 2415 703 2456 atquc
736 2405 883 2443 ordine
913 2403 1019 2442 facta
1051 2398 1416 2457 cumulatissime..

91 2467 138 2494 ac
154 2458 233 2498 fine
246 2460 333 2498 ulla
362 2458 489 2499 animi
510 2456 781 2497 contentione
799 2455 954 2493 differit
972 2478 985 2496 ‚
1015 2466 1061 2491 ac
1088 2463 1135 2491 ex
1163 2453 1417 2508 visitationi-

90 2507 162 2546 bus
176 2510 508 2554 praedecessorum
527 2509 820 2558 Episcoporum
839 2530 853 2547 ‚
873 2505 1110 2552 &plurium
1124 2504 1288 2560 testium
1303 2501 1414 2540 affir-

90 2558 336 2602 mationibus
349 2564 512 2603 causam
529 2561 699 2600 omnino
713 2557 996 2600 necessariam,
1010 2565 1135 2605 atquc
1152 2553 1413 2612 utilissimam

89 2611 251 2650 unionis
270 2616 425 2661 probari
442 2613 659 2655 contendit
677 2635 690 2655 ‚
706 2620 752 2650 ut
769 2607 1029 2664 acerbissimi,
1045 2616 1170 2656 atque
1187 2614 1416 2664 mveterati

86 2663 174 2703 odii
207 2665 390 2712 pestifera
415 2668 603 2716 germina
639 2676 686 2704 ex
715 2664 790 2703 illa
817 2664 1036 2701 hominum
1074 2667 1410 2699 communitate)

87 2717 458 2758 exterminarentur
473 2747 484 2760 .

137 2770 236 2808 Tom.
252 2769 421 2809 XXXII.
815 2765 845 2804 B
863 2767 886 2803 b
930 2777 949 2802 2
1304 2761 1411 2800 Con-
