1919 2964
473 215 562 242 cam
579 204 816 243 consuetam
830 201 1065 240 mercedem
1083 200 1254 240 dandam
1270 203 1535 250 capellanis:
1566 205 1798 251 capellanos

478 258 578 303 ipsos
598 257 665 294 suo
680 254 878 292 arbitratu
894 253 1043 301 accipi,
1060 265 1132 300 pro
1146 253 1265 292 libitu
1284 252 1444 292 dimitti
1462 268 1476 294 ,-
1495 266 1565 294 eos
1583 257 1718 295 veluti
1738 269 1802 296 ec-

477 307 713 346 ciedasticos
746 304 938 356 quosdam
955 306 1158 344 habendos
1178 329 1190 346 ‚
1223 315 1322 354 quos
1341 316 1412 352 pro
1429 305 1660 346 decentiori
1681 309 1804 348 cultu

475 360 653 398 ecclefiae
671 357 866 396 servando
882 357 1010 405 recipi
1025 357 1295 396 constitutum
1315 357 1503 407 usqucab
1519 359 1641 399 initio
1655 359 1799 400 fuerit:

478 421 673 460 praeterea
705 409 873 448 incivile
907 409 1199 458 propemodum
1230 407 1309 447 effe
1343 433 1356 452 ‚
1398 415 1445 446 ut
1473 410 1587 448 nullo
1621 413 1808 462 querelas

479 466 690 502 ezcitaute
711 486 723 506 ‚
751 471 893 499 contra
922 462 961 499 id
993 487 1005 505 ‚
1035 460 1142 511 quod
1171 470 1293 499 antea
1326 461 1373 498 ab
1405 460 1594 500 omuibus
1622 463 1803 503 factum

482 520 559 559 est,
588 515 695 566 quod
729 514 851 552 modo
881 524 1023 554 omncs
1052 512 1210 553 faciunt
1238 536 1252 557 ‚
1283 511 1326 551 hi
1353 512 1500 558 solum,
1531 513 1571 552 &
1599 515 1806 556 noviffimi

481 571 728 617 exsurgant.

430 624 649 671 Episcopus
667 620 799 658 multa
828 617 962 663 dicit,
988 630 1069 669 quo
1095 618 1254 658 decreti
1279 615 1342 655 sui
1372 616 1568 662 justitiam
1593 617 1805 664 ostendat,

479 676 612 714 multa
622 671 675 710 de
692 678 860 718 recepto
878 670 945 711 usu
963 681 1058 710 ante
1073 671 1200 720 ipsum
1219 671 1432 709 decretum
1449 694 1462 714 ‚
1493 670 1602 719 quod
1620 681 1806 710 tautum-

479 726 604 767 modo
628 724 791 762 abutum
825 723 983 761 abstulit
1010 737 1024 764 2·
1063 724 1314 763 tenuitatem
1351 721 1562 760 redituum
1590 723 1772 764 excludit
1792 747 1806 766 ,

482 790 525 820 ut
543 786 657 827 patet
677 776 715 814 in
731 777 818 820 ejus
834 775 1007 812 relatione
1023 799 1035 818 ‚
1052 788 1118 825 qu.
1110 788 1138 813 ,ε
1156 771 1494 814 circumferetur.

426 834 493 873 Ad
512 842 595 871 rem
612 827 747 867 facere
765 826 930 866 videtur
958 829 1105 867 Lucana
1119 827 1244 876 Miffae.
1254 826 1510 865 conventualis
1520 836 1564 883 4.
1567 827 1669 880 Maji
1687 841 1731 877 17
1739 840 1801 873 50

480 882 692 933 Quaeritur

430 937 460 978 1,
514 938 584 976 An
599 929 803 996 Capellam}
821 931 912 980 ,seu
927 932 1186 981 Mansionart'ts
1201 929 1352 981 ecclesiae
1366 930 1584 969 cathedralis
1601 934 1723 971 Sauffi
1738 936 1808 972 Se-

536 989 658 1026 verini
675 982 964 1030 celebrantibus,
994 988 1036 1027 ,9-
1052 982 1312 1032 applicantibus
1341 983 1481 1032 miffam
1507 986 1805 1024 conventualem..-

531 1045 571 1079 in
588 1040 625 1075 d:
630 1039 712 1075 ebus
724 1036 918 1084 ferialibus
948 1038 1070 1074 debita
1079 1038 1129 1086 stt
1138 1037 1372 1086 particularis
1389 1035 1603 1086 eleemosyna
1621 1063 1635 1084 ‚
1658 1042 1702 1083 ὠ·
1717 1053 1803 1090 qua·

529 1104 630 1131 tenus
650 1089 890 1139 affirmative.

426 1145 586 1188 11.An
600 1169 614 1190 ,
649 1145 692 1189 τῇ·
708 1143 754 1178 de
768 1143 891 1194 quibus
908 1140 1089 1181 reditibus
1103 1155 1181 1180 ea
1149 1141 1184 1190 s
1185 1151 1200 1177 t
1209 1141 1452 1191 prestantius
1436 1154 1475 1179 m
1492 1141 1576 1189 cqsu
1595 1144 1670 1186 &a

36 1338 134 1386 ὄψ’
142 1350 205 1385 ⁹4·
222 1347 297 1390 ’φ’
307 1350 365 1384 13·
537 1352 777 1393 NDRIEN.
833 1353 889 1392 Ex
904 1353 1050 1392 multis
1067 1353 1224 1392 obortis
1242 1380 1255 1398 ‚
1287 1365 1372 1403 quat
1404 1353 1631 1393 actitantur
1663 1354 1804 1392 litibus

40 1388 255 1438 d⁰·5e‘5s07‘m·
553 1406 663 1444 inter
678 1404 920 1454 Episcopum
941 1430 952 1449 ,
971 1406 1008 1444 (ἢ
1024 1407 1159 1455 capitu
1167 1406 1251 1443 lum
1269 1404 1472 1443 Andrien.
1489 1405 1807 1449 ‚controvcrfia‚

485 1458 538 1499 de
554 1469 630 1508 qua
648 1458 702 1496 est
717 1456 850 1496 sermo
865 1483 877 1501 ‚
906 1457 1025 1496 unice
1053 1457 1219 1507 respicit
1235 1468 1374 1496 curam
1388 1456 1639 1496 habitualem
1652 1457 1809 1496 anima-

484 1521 593 1554 rum,
609 1521 657 1548 an
672 1519 795 1556 penes
812 1509 1142 1558 Episcopum‚vel
1163 1510 1388 1558 capitulum
1405 1509 1477 1547 fit.
1507 1508 1602 1547 Die
1608 1521 1667 1551 23.
1687 1507 1807 1558 Apri-

483 1563 537 1604 lis
566 1561 784 1611 superioris
800 1561 895 1599 anni
914 1563 1113 1610 proposita
1131 1563 1184 1602 est
1200 1563 1267 1600 sub
1284 1561 1404 1600 dubio
1435 1575 1485 1598 an
1501 1560 1663 1610 Eccles1ae
1675 1563 1808 1599 Cathe-

487 1614 603 1652 Aratis
621 1616 734 1652 unice
750 1617 788 1651 in
803 1616 964 1652 Civitate
981 1614 1148 1652 Andri-e
1163 1613 1391 1651 Parochialis
1410 1636 1422 1655 ‚
1449 1613 1633 1651 Parochus
1652 1614 1702 1662 fit
1715 1612 1806 1662 Epi-

473 1667 602 1718 scopus
619 1691 632 1711 ‚
666 1669 709 1710 &³
724 1667 771 1703 ad
786 1679 867 1716 quos
883 1665 1023 1714 effetlm
1037 1691 1049 1711 ,
1070 1666 1140 1713 seu
1149 1669 1264 1716 potius
1280 1664 1487 1714 Capitulum
1497 1663 1655 1717 ejusdem
1673 1667 1806 1703 Cathe—

482 1719 598 1757 dralis
628 1747 638 1757 .
675 1718 917 1765 Responsum
947 1719 1000 1756 est
1039 1719 1252 1766 affirmative
1281 1720 1329 1754 ad
1352 1720 1508 1766 primam
1520 1727 1662 1768 partem
1683 1718 1802 1767 quoad

484 1784 598 1809 omnes
613 1768 771 1819 cff'eflus,
788 1772 957 1818 negative
973 1771 1242 1819 adfer-undam.

429 1823 576 1865 Denuo
595 1822 794 1871 proposita
812 1823 863 1861 est
878 1823 940 1859 die
958 1835 1019 1866 30.
1036 1824 1138 1872 Julii
1154 1823 1330 1869 ejusdem
1347 1822 1438 1862 anni
1458 1846 1470 1865 ‚
1483 1819 1551 1861 scd
1569 1821 1798 1870 capitulum

478 1875 529 1914 de
543 1874 612 1912 sua
642 1875 750 1913 sorte
776 1873 937 1914 fortasse
970 1877 1238 1923 expavescens
1266 1900 1279 1917 ‚
1308 1874 1554 1912 dilationem
1571 1898 1584 1918 ,
1614 1876 1653 1914 δε
1681 1875 1796 1913 simul

477 1925 750 1976 compulsoricira
766 1926 892 1975 petiit
906 1956 916 1965 .
945 1926 1060 1966 Dilat
1070 1927 1108 1966 io
1120 1925 1299 1966 concessa
1312 1927 1364 1966 cst
1383 1952 1396 1971 ‚
1427 1926 1576 1971 rejecta
1602 1926 1798 1976 compulso-

474 1983 532 2017 ria
547 2007 557 2017 .
590 1980 665 2016 Die
684 1991 744 2027 24.
763 1980 979 2029 Septembris
1012 1980 1150 2028 insolto
1166 1989 1278 2024 erat,
1314 1977 1381 2018 sed
1394 1979 1446 2016 ob
1461 1979 1657 2026 temporis
1671 1991 1795 2027 angu-

471 2032 585 2070 stiam
603 2031 774 2079 proponi
803 2044 881 2069 non
900 2032 1063 2078 potuit,
1094 2045 1141 2071 ac
1165 2032 1214 2071 ad
1232 2031 1403 2079 primam
1432 2031 1514 2078 post
1540 2031 1796 2070 autumnales

470 2083 599 2122 ferias
621 2081 751 2122 dilata
768 2083 820 2122 est
836 2113 846 2122 .
875 2083 986 2122 Hinc
1003 2084 1186 2131 capitulo
1219 2084 1359 2122 salutis
1378 2081 1541 2125 initium
1558 2112 1567 2122 .
1599 2081 1708 2121 Nam
1737 2082 1800 2121 in·-

473 2134 669 2183 terpofita
688 2146 801 2175 mora
832 2134 1142 2185 diligentiffime
1170 2137 1284 2175 usum
1311 2136 1393 2175 ests
1424 2131 1572 2173 novam
1597 2133 1796 2174 defensio-

470 2199 566 2226 nem
583 2210 596 2230 ,
630 2199 674 2226 ac
690 2199 793 2226 nova
808 2198 1074 2228 monumenta
1090 2188 1156 2227 fibi
1174 2188 1333 2236 paravit
1347 2216 1357 2226 .
1391 2186 1444 2224 Iis
1463 2187 1616 2224 artibus
1633 2211 1645 2231 ,
1675 2198 1723 2225 ea
1739 2186 1795 2223 lc-

469 2238 617 2288 gitima
636 2237 827 2278 industria
843 2264 856 2284 ‚
890 2239 998 2288 quod
1011 2239 1305 2278 difficillimum
1331 2238 1628 2276 existimabatur
1645 2263 1657 2282 ,
1687 2237 1795 2275 obti-

469 2290 588 2334 nuit,
606 2290 831 2334 nimirum,
849 2297 895 2329 ut
913 2291 1034 2329 Sacra
1046 2290 1321 2340 congregatio
1338 2289 1512 2328 variaret
1526 2289 1791 2330 sententiam,

466 2354 512 2382 ac
543 2343 603 2379 die
627 2347 693 2380 26.
710 2343 936 2381 Novembris
959 2341 1203 2381 decerneret
1244 2355 1365 2381 curant
1394 2344 1595 2378 animarum
1611 2343 1782 2379 habitum

469 2395 539 2433 lem
557 2393 625 2442 effe
634 2403 742 2445 penes
757 2393 993 2444 Capitulum.

416 2445 538 2486 Nunc
555 2446 798 2494 Capitulum
818 2445 1069 2486 arridentem
1085 2446 1153 2487 fibi
1172 2445 1378 2486 fortunam
1397 2445 1516 2485 hilari
1535 2444 1671 2486 fronte
1700 2457 1792 2495 pef-

466 2498 651 2550 sequitur
678 2529 689 2538 .
719 2498 865 2544 Instat,
881 2507 926 2537 ut
942 2499 1130 2538 annosam
1150 2501 1252 2539 hanc
1268 2499 1389 2538 litem
1405 2497 1471 2536 fibi
1488 2498 1653 2537 tandem
1668 2499 1789 2538 detur

467 2551 610 2590 videre
630 2550 879 2591 extinctam.
912 2550 1037 2590 Redit
1056 2551 1193 2603 itaque
1212 2552 1261 2591 ad
1276 2549 1474 2597 judicium
1491 2549 1568 2588 EE.
1589 2550 1665 2589 PP.
1695 2562 1792 2588 cau-

465 2602 529 2641 sa.
560 2603 669 2641 Finis
698 2612 812 2644 certe
846 2602 1115 2651 imponendus
1147 2601 1247 2643 esset
1273 2602 1368 2642 huic
1382 2603 1661 2641 controverfiae
1691 2602 1791 2641 utri-

470 2664 547 2709 que
564 2654 747 2704 litiganti
760 2655 957 2699 exitiosae‚
969 2655 1088 2700 ac,ob
1102 2654 1278 2694 diversas
1293 2665 1520 2694 animorum
1535 2663 1667 2704 partes
1685 2654 1727 2693 in
1743 2666 1792 2694 ea

463 2703 645 2746 civitate
660 2730 676 2753 ‚
689 2719 928 2759 magnarum
944 2706 1100 2749 irarum
1116 2706 1433 2747 conservatrici.
1716 2756 1749 2795 C

1752 2769 1793 2795 3-
