1919 2964
519 205 567 238 52

515 247 630 285 dium
648 241 930 281 voluntarium
960 254 1037 280 non
1055 240 1131 282 esse
1149 257 1162 282 ‚-
1191 243 1366 293 ideoque
1383 245 1422 283 se
1436 245 1605 295 dignum
1633 246 1836 288 disnensa-

515 298 648 338 tione,
670 306 787 344 quam
808 295 914 334 hisce
932 295 1079 334 casibus
1097 295 1216 334 Sacra
1233 296 1507 345 Congregatio
1521 298 1720 337 conceffit
1739 299 1844 337 sem-

517 361 605 398 per,
619 350 759 386 Montis
774 345 912 397 Falisci
929 347 1215 395 irregularitatis
1235 352 1284 385 26
1287 350 1402 386 ,Mais
1421 363 1434 386 1
1444 362 1463 396 7
1471 363 1487 391 3
1493 364 1551 396 9.,
1566 351 1846 400 Caffaneujrre-

512 401 751 450 gulam-itatis
772 412 833 447 14.
853 401 1065 437 Decembris
1085 406 1200 448 1748.

465 451 528 492 De
557 452 809 500 percuffione
841 452 1015 491 Antonii
1039 465 1123 491 non
1150 452 1362 491 dubitatur
1399 465 1408 491 ε
1453 465 1501 491 an
1531 465 1575 492 ex
1603 467 1649 494 ea
1688 453 1842 494 obierit

517 504 757 554 penfitandae
775 504 866 543 sunt
896 505 1159 554 probationes
1189 505 1366 554 primum
1385 518 1406 545 a
1422 504 1516 544 fisco
1533 531 1546 550 ‚
1578 518 1624 545 ac
1643 507 1790 547 deinde
1820 517 1843 545 a

517 570 588 597 reo
602 557 826 598 cumulatae
841 587 852 596 .

466 606 630 650 Advert
643 609 793 649 endum
813 621 913 649 num
928 611 1055 649 obstet
1073 609 1180 658 prior
1199 611 1420 656 sententia,
1441 622 1516 661 qua
1537 610 1756 650 Giannella
1773 611 1844 650 de-

516 663 697 702 claratur
729 662 968 712 irregularis
986 687 998 706 ‚
1025 675 1110 714 quae
1137 662 1267 702 adhuc
1286 664 1400 712 viget
1420 693 1429 702 .
1460 662 1694 702 Videndum
1722 673 1845 702 num...

517 715 716 763 posterior
736 716 1067 763 comprobaverit
1085 741 1096 759 ‚
1114 728 1161 754 ac
1176 715 1453 755 declaraverit
1473 716 1529 755 rei
1548 716 1844 765 innocentiam,

517 768 586 807 vel
604 768 740 817 potius
759 769 839 815 post
857 767 1173 816 quadriennium
1193 779 1266 817 pro
1284 768 1439 807 defleto
1454 792 1466 810 ‚
1485 770 1597 814 cujus
1618 781 1695 808 non
1712 767 1845 808 modi-

517 831 583 860 cas
602 831 744 868 poenas
764 820 898 858 luerat
914 845 927 864 ‚
947 819 1168 858 ulteriores
1184 821 1387 859 molestias
1402 821 1607 860 remiserit
1627 850 1637 860 .

464 871 566 912 Haec
593 871 643 910 de
661 871 793 920 primo
811 871 1031 922 quaestionis
1051 873 1190 918 capite
1209 902 1218 912 .
1252 873 1315 912 De
1332 872 1508 912 secundo
1527 882 1669 912 autem
1693 872 1844 913 unic&

514 923 820 964 advertendum
845 936 923 963 non
941 923 1073 963 afferri
1105 926 1232 964 ullam
1266 925 1548 972 probationem
1574 928 1624 966 de
1655 926 1844 965 ernenda-

513 977 630 1016 tione
650 976 767 1016 vitae.
802 975 1155 1017 Eminentiffimus
1183 978 1527 1027 Archiepiscopus
1561 978 1612 1018 de
1645 978 1841 1027 irregula-

513 1029 641 1068 ritate
672 1029 782 1068 suam
800 1029 1048 1070 sententiam
1069 1043 1145 1068 non
1163 1030 1316 1079 profert
1336 1058 1348 1076 ‚
1379 1043 1453 1070 nec
1484 1031 1534 1071 de
1551 1030 1842 1071 concedenda.)

513 1081 843 1131 dispensatione:
873 1083 1005 1121 solum
1035 1083 1084 1122 de
1101 1083 1187 1128 ejus
1205 1084 1394 1132 praesenti
1419 1085 1596 1134 angustia
1613 1110 1625 1128 ‚
1645 1085 1757 1123 nulla
1784 1091 1846 1122 ta-

511 1148 606 1193 men
640 1134 910 1175 inclinatione
943 1135 1101 1181 animi,
1139 1136 1207 1175 vel
1223 1138 1363 1176 lavore
1397 1148 1490 1186 erga
1510 1146 1755 1187 petentem,
1782 1137 1847 1174 lo·-

511 1196 654 1238 quitur
670 1216 680 1226 .

564 1239 646 1279 EE.
671 1238 747 1279 ΡΡ.
775 1239 959 1280 viderint

460 1293 493 1332 I.
545 1293 619 1329 An
635 1293 766 1341 constet
793 1295 838 1330 de
857 1293 1131 1342 irregularitate
1148 1319 1159 1338 ‚
1181 1294 1224 1337 ἐφ’
1241 1304 1416 1343 quatenus
1433 1294 1648 1343 affirmative
1663 1320 1674 1333 0

462 1344 515 1386 ΙΙ.
544 1344 619 1382 An
634 1370 647 1391 ,
668 1349 713 1390 ὠ·
728 1348 897 1395 quomodo
913 1349 1142 1385 concedenda
1148 1348 1200 1397 fit
1216 1347 1432 1396 dispensatio
1451 1371 1464 1390 ‚
1481 1349 1519 1382 in
1535 1346 1619 1393 casu
1635 1347 1710 1388 &a

72 1561 239 1612 sess-,24
257 1572 330 1613 cap,
358 1577 419 1604 η,
549 1554 795 1595 ATACEN.
817 1553 1294 1610 ,APPROBA'TIONIS
1324 1552 1683 1597 CONCORDIAE
1701 1583 1715 1611 .·
1769 1552 1843 1593 Pe*

70 1615 292 1664 deReform„
568 1609 673 1647 titur
701 1608 1260 1656 approbatio·transat‘tionis
1302 1610 1498 1648 taciendae
1532 1609 1638 1647 inter
1668 1606 1846 1646 Vitalia-

515 1671 617 1700 num
639 1660 801 1705 Barberj
828 1660 1017 1700 ablatem
1033 1663 1163 1699 Sanni
1176 1664 1346 1710 Gregorii
1360 1662 1491 1710 Magni
1520 1660 1714 1699 Catacen.
1746 1660 1848 1698 dioe-

515 1715 640 1759 cefis,
672 1714 709 1753 St
745 1713 963 1762 josephum
991 1713 1158 1752 Rotella
1189 1713 1443 1761 poffessorem
1476 1715 1672 1750 bonorum
1700 1736 1714 1754 ‚
1745 1724 1848 1767 quo-

511 1778 602 1805 rum
630 1774 819 1816 quartam
857 1774 1017 1843 partem
1054 1765 1224 1805 ecclefia
1256 1766 1294 1806 S.
1331 1763 1599 1815 Gregoriiuti
1625 1764 1738 1802 suam
1756 1775 1845 1802 vm·
1885 1762 1889 1766 ’

513 1818 646 1858 dicat

461 1866 573 1910 Fac‘ti
606 1870 757 1918 species
787 1872 862 1910 est.
895 1869 939 1910 In
958 1883 1052 1920 agro
1084 1867 1304 1911 Taberna-tt}
1323 1896 1336 1916 ,
1366 1871 1433 1921 qui
1467 1871 1576 1909 intia
1603 1869 1845 1908 dioeceunu

511 1923 780 1963 Catacensem
796 1924 875 1965 est,
912 1922 1052 1961 adlunt
1081 1924 1272 1962 montosa
1286 1923 1435 1971 praedia
1462 1936 1500 1960 n
1491 1921 1558 1958 lle
1573 1921 1685 1969 difese
1702 1921 1839 1958 della-.-

515 1987 705 2025 raontagna
734 1974 834 2014 della
848 1977 900 2024 su
904 1977 1005 2012 detta
1022 1977 1122 2013 Cirta
1134 1975 1316 2031 appellate
1329 1976 1365 2013 la
1379 1978 1475 2014 l‘ovc
1473 1988 1516 2011 rc
1521 1972 1576 2010 lla
1591 1972 1710 2022 Καί-ζῆ
1724 1999 1737 2017 -,
1753 1973 1846 2021 ΡρῙ-

504 2029 550 2078 sa
578 2030 617 2066 di
635 2030 820 2077 sofena,
850 2028 1004 2065 Munaco
1034 2023 1186 2080 Cocej0.
1218 2027 1425 2075 Tempore
1444 2050 1457 2070 ‚
1485 2040 1563 2075 quo
1593 2027 1847 2074 posndeban-

513 2089 581 2119 tur
599 2094 620 2120 a
641 2080 797 2120 familia
821 2083 868 2120 de
886 2080 1043 2123 Poeriis
1068 2092 1190 2129 utque
1217 2081 1268 2120 ad
1285 2081 1481 2129 Joannam
1502 2078 1652 2122 Poerii,
1667 2078 1704 2116 ἃ
1725 2078 1847 2127 lgna-

511 2133 620 2172 tium
656 2133 920 2178 Majoranam
943 2133 1106 2177 virum,
1140 2133 1250 2172 nulla
1282 2133 1442 2183 quaefiio
1469 2140 1561 2170 orta
1593 2132 1646 2169 est
1672 2129 1723 2168 de
1750 2140 1845 2178 per·

511 2185 691 2224 tinentia
720 2193 881 2237 'quartae
914 2186 1041 2235 partis
1062 2196 1205 2225 eorum
1233 2187 1435 2225 bonorum
1457 2186 1580 2223 adA
1590 2184 1725 2220 barram
1742 2183 1842 2220 San·-

511 2238 559 2273 fle·
578 2241 655 2278 Gre
681 2243 779 2278 orii.
810 2259 813 2262 <

458 2291 572 2329 Anno
592 2253 715 2338 17ιὲ9.
738 2291 933 2340 coniuges
936 2270 1132 2339 praediffl
1163 2292 1262 2329 bona
1280 2256 1556 2328 vendiderunt
1571 2285 1743 2337 Josepho
1762 2284 1837 2323 Ro-

511 2342 615 2380 tella
631 2364 645 2386 ‚
673 2343 738 2380 cui
755 2355 801 2382 ex
821 2343 958 2392 pretio
979 2344 1175 2386 summam
1192 2346 1401 2380 ducatorum
1432 2346 1518 2380 162.
1546 2340 1804 2389 reliquerunt
1820 2361 1838 2381 ‚

511 2395 719 2444 quousque
735 2395 1045 2444 dignosceretur
1071 2408 1125 2435 an
1136 2395 1332 2434 Abbatia
1344 2394 1486 2434 eadem
1505 2394 1569 2438 jus
1586 2401 1736 2442 quartae
1765 2393 1841 2428 ha-

507 2445 622 2487 beret
651 2447 767 2489 super
782 2446 947 2487 duobus
967 2456 1129 2488 tantum
1159 2459 1204 2487 ex
1239 2446 1404 2496 praediis
1436 2444 1650 2486 venditis,
1686 2454 1838 2502 nempe

508 2500 641 2547 Racifi·
649 2524 661 2541 ι,
677 2498 814 2549 eFoſja
828 2501 866 2536 di
878 2501 1061 2548 Cofenza‚
1077 2500 1194 2548 super
1210 2499 1362 2571 quibus
1370 2508 1468 2538 tunc
1486 2498 1666 2546 primum
1680 2495 1757 2534 de
1744 2507 1835 2544 Jure

505 2549 690 2592 Abbatie
710 2552 889 2593 dubitari
906 2553 1055 2598 caepit.

453 2598 586 2642 Anno
582 2616 717 2650 1757..
728 2606 934 2654 conjuges
946 2605 1188 2648 venditores
1212 2616 1276 2649 ius
1293 2602 1473 2643 Abbatie
1490 2600 1728 2650 legitimum
1748 2597 1826 2639 esse

503 2661 758 2700 agnoverunt
779 2681 792 2700 ‚
822 2669 871 2697 ac
881 2659 947 2699 ob
944 2669 1040 2700 eam
1059 2658 1265 2698 rationem
1285 2657 1483 2694 refiduum
1504 2653 1607 2691 illud
1624 2653 1747 2710 pretii
1767 2653 1833 2690 so·-

499 2702 626 2743 lemni
647 2706 911 2748 instrumento
943 2709 1224 2749 condonarunt
1252 2708 1458 2755 emptori,
1486 2706 1552 2756 qui
1584 2706 1829 2754 pecuniam,

499 2764 619 2807 quam
648 2760 783 2801 veluti
799 2761 1039 2811 depositam
1067 2762 1281 2806 habebat,
1304 2773 1354 2800 eo
1375 2757 1626 2810 postmodum
1656 2768 1828 2848 nomin?

1767 2820 1791 2847 u
1816 2820 1829 2848 ι
