1919 2964
62 869 244 920 'Sess.·2;‡.
257 881 331 925 cap.
341 885 357 912 ι
367 884 400 914 2.

63 931 110 967 de
123 922 282 971 Reform·

450 186 527 264 1112,
554 220 627 261 An
641 216 950 268 consulendumsit
977 217 1364 267 SANCTISSJMQ
1387 230 1452 272 pro
1466 223 1684 275 Apostolicit
1696 224 1839 274 dispen-

590 273 737 322 satione
752 294 766 314 ‚
792 283 834 310 ut
846 284 914 309 uno
929 295 943 314 ‚
973 270 1037 308 vel
1047 273 1160 311 altero
1174 278 1251 312 ritu
1278 275 1331 311 ad
1342 275 1481 331 eosdem
1512 276 1666 331 majores
1680 279 1828 319 ordines

598 333 856 375 promoventur
872 350 887 371 ‚
911 327 952 363 in
966 324 1050 374 casu
1063 329 1141 375 &a
1165 379 1186 386 ,Α

493 447 504 470 ς
524 465 530 468 ,
586 460 591 466 ,
800 462 804 463 ⁷
1231 450 1233 452 '
1578 467 1583 470 ,

525 482 614 532 ¹Ad
627 482 809 533 primum
836 496 917 524 non
945 483 1160 535 indigere,
1194 486 1244 529 ad
1260 486 1483 528 secundum
1514 486 1761 531 affirmative
1778 490 1826 528 ad

531 554 539 560 ·
597 536 779 587 primam
788 547 948 586 partem
964 562 981 583 ‚
1007 539 1204 590 negative
1218 536 1502 581 ad‘secundam
1516 566 1530 588 ‚
1558 542 1611 582 ad
1622 543 1826 582 tertium.»

823 590 832 597 a

520 646 522 648 V
592 590 804 641 provisum
821 591 1033 644 inprime.
1070 639 1075 643 ,

436 804 521 896 C
534 801 765 854 AJACEN.
780 801 1107 845 PRAEBENDAE
1123 804 1534 848 THEOLOGALIS
1550 835 1559 845 .
1581 805 1644 845 De
1661 807 1829 846 vacanti

550 855 765 905 praebenda
782 856 1013 908 theologali
1029 859 1220 903 Cajacen.
1238 860 1414 898 ecclefiae
1430 883 1444 903 ,
1476 869 1600 908 quam
1618 858 1825 907 Sylvester

491 907 769 958 Sangiovanni
802 907 852 966 acl
868 907 1119 962 dignitatem
1139 910 1366 959 primicerii
1398 913 1566 952 evestus
1591 911 1796 952 retinebat
1812 936 1830 958 ,

488 961 635 1001 literas
664 960 917 1008 Apostolicas
946 976 1019 1014 pro
1036 965 1076 1003 se
1091 963 1276 1002 obtinuit
1288 964 1471 1004 sacerdos
1489 964 1617 1013 Julius
1632 958 1829 1016 Maglona}

491 1027 516 1054 e
529 1023 641 1054 terra
661 1012 875 1053 Albiniani
891 1017 977 1062 ejus
998 1016 1180 1056 dioecesis
1198 1041 1211 1061 ‚
1238 1028 1340 1056 unus
1357 1029 1403 1056 ex
1416 1027 1618 1067 quatuor,
1648 1015 1720 1066 qui
1736 1013 1831 1055 exa-

490 1079 588 1106 men
602 1067 810 1105 subierant
838 1067 877 1106 in
894 1070 1088 1108 concursu
1120 1067 1218 1115 jussu
1252 1069 1572 1109 Eminentiffimi
1597 1067 1829 1107 Prodatarii

490 1131 632 1158 coram
649 1118 846 1168 Episcopo
861 1121 1065 1168 Cajacenfi
1084 1121 1238 1160 indic‘to
1253 1150 1263 1160 .
1282 1122 1590 1171 Competitores
1609 1121 1828 1160 Martonus

491 1173 539 1211 in
552 1185 602 1212 eo
616 1172 814 1210 concursu
842 1182 929 1213 tres
945 1174 1186 1221 Cajacenses
1216 1174 1414 1214 habuerat
1440 1201 1454 1220 ‚
1485 1186 1660 1225 quorum
1687 1181 1825 1222 partes

489 1223 617 1264 facile
633 1224 850 1274 complexa
867 1228 920 1266 est
935 1239 984 1267 ea
1000 1227 1157 1265 civium
1173 1225 1461 1266 Communitas
1476 1251 1490 1270 ‚
1519 1239 1604 1278 quae
1617 1225 1667 1264 ad
1684 1225 1828 1264 exclu-

491 1277 676 1317 dendum
704 1286 919 1318 externum
937 1280 1149 1319 hominem
1177 1278 1278 1317 duos
1307 1279 1479 1319 Romam
1496 1279 1604 1317 misit
1619 1307 1631 1317 .
1659 1277 1828 1316 Horum

489 1342 618 1378 opera
644 1341 723 1368 non
739 1329 918 1379 profecit
934 1357 948 1376 ‚
978 1342 1024 1371 ut
1051 1332 1182 1372 literae
1193 1331 1433 1379 Apostolicae
1450 1332 1647 1370 Martono
1663 1342 1740 1368 non
1757 1330 1831 1369 da-

489 1381 733 1422 rentur.Sed
749 1395 828 1420 non
842 1385 982 1422 animo
999 1384 1195 1423 destituta
1213 1383 1504 1422 communitas
1518 1394 1594 1421 nec
1606 1382 1831 1430 oppositio-

485 1447 583 1474 nem
600 1435 890 1484 quoquomodo
920 1437 1138 1476 intermifit
1155 1461 1166 1480 ‚
1195 1447 1268 1474 nec
1298 1435 1429 1474 adhuc
1447 1432 1568 1475 cessat
1584 1462 1594 1472 .
1614 1433 1725 1472 Hinc
1742 1434 1830 1480 ejus

488 1485 668 1538 querelis
698 1486 748 1524 ad
763 1489 865 1526 hanc
897 1488 1062 1527 Sacram
1089 1488 1465 1537 Congregationem
1492 1486 1644 1527 delatis
1664 1512 1678 1533 ,
1705 1485 1758 1526 de
1779 1485 1830 1524 iis

485 1538 690 1588 agendum
707 1551 811 1577 nunc
828 1541 905 1578 est.

430 1587 604 1641 Allegat
617 1588 908 1630 Communitas
940 1599 1086 1631 contra
1116 1603 1284 1630 omnem
1319 1592 1523 1632 rationem
1555 1592 1830 1630 Martonum

482 1644 696 1693 praelatum
713 1641 829 1682 fuisse
860 1657 871 1681 τ
900 1642 1166 1683 necessariam
1195 1641 1273 1683 esse
1305 1644 1345 1682 in
1363 1644 1570 1693 praebenda
1597 1641 1831 1691 theologali

484 1697 671 1735 lauream
686 1695 725 1732 in
740 1696 850 1734 sacra
867 1695 1086 1744 theologia
1101 1720 1116 1739 ‚
1146 1707 1271 1745 quam
1285 1695 1504 1734 Martonus
1534 1708 1613 1733 non
1632 1696 1805 1733 habebat
1818 1705 1831 1732 ε

483 1762 564 1787 non
584 1745 702 1786 fuisse
717 1750 983 1796 approbatum
999 1760 1070 1797 per
1086 1747 1417 1787 examinatores:
1434 1761 1514 1787 non
1529 1746 1608 1786 esse
1626 1746 1831 1791 nobilem,

484 1801 553 1840 sed
573 1800 742 1838 obscuro
759 1801 910 1850 oppido
926 1809 1069 1839 natum
1083 1799 1290 1837 Albiniani
1307 1824 1322 1846 ‚
1343 1812 1390 1839 ex
1408 1813 1487 1851 quo
1502 1800 1616 1838 nulla
1631 1799 1830 1838 nobilitas

491 1853 636 1892 venire
655 1852 795 1901 potuit
811 1865 914 1891 :non
931 1851 1046 1892 fuiffe
1061 1851 1403 1892 concionatorem
1418 1851 1830 1904 quadragesimalem,

488 1915 533 1945 ut
553 1903 799 1953 expresserat
816 1935 828 1944 .
860 1905 923 1944 De
936 1905 1077 1944 favore
1094 1930 1110 1950 ,
1129 1918 1174 1944 ac
1190 1905 1321 1943 studio
1337 1917 1434 1954 erga
1450 1905 1692 1943 Martonum
1707 1915 1832 1942 accu-

485 1960 544 1997 sat
565 1957 806 2004 Episcopum
822 1984 835 2003 ,
866 1958 981 2003 cujus
996 1958 1245 1996 aucororitate
1265 1957 1429 1996 adactos
1447 1956 1766 2000 examinatores,
1779 1967 1830 1995 ne

485 2008 738 2060 apertissime
751 2034 764 2054 ‚
782 2012 844 2049 uti
863 2010 1020 2060 alioqui
1034 2007 1222 2049 fecissent
1236 2035 1249 2054 ,
1278 2010 1519 2049 Martonnm
1537 2009 1800 2056 reprobarent
1820 2019 1834 2045 .·.

484 2064 596 2103 male
610 2088 625 2107 ,
655 2064 694 2102 Sc
712 2074 807 2101 cum
822 2061 967 2102 fraude
983 2064 1137 2112 gestum
1152 2059 1398 2102 concursum
1411 2076 1428 2104 3
1453 2062 1620 2113 aliaque
1643 2061 1684 2100 in
1699 2060 1740 2100 id
1758 2072 1833 2100 cu-

488 2117 622 2155 mulat
638 2124 781 2155 contra
800 2129 822 2154 n
832 2129 883 2154 on
899 2116 1013 2154 suum
1028 2115 1164 2155 civem
1176 2144 1187 2154 .

432 2169 656 2208 Martonus
675 2180 775 2207 vero
790 2168 829 2207 se
845 2169 1030 2207 omnibus
1046 2194 1058 2214 ‚
1074 2181 1158 2218 quae
1171 2167 1397 2208 necessariae
1416 2167 1542 2207 essent
1557 2163 1830 2220 qualitatibus

486 2221 706 2271 praeditum
723 2219 924 2259 affirmat:
953 2222 995 2259 se
1015 2220 1054 2258 in
1070 2221 1181 2259 sacra
1200 2220 1655 2269 theologialicentiatum
1677 2213 1790 2271 fuisse
1806 2224 1822 2251 t

487 2274 538 2312 de
555 2274 756 2322 requisitis
771 2273 887 2321 supra
903 2281 1071 2310 caeteros
1091 2271 1265 2320 expresse
1281 2272 1548 2320 approbatum
1562 2272 1610 2308 ab
1627 2278 1834 2309 examina·

485 2325 644 2365 toribus
659 2351 674 2370 ,
703 2323 827 2375 quise
843 2323 1102 2373 designarunt
1120 2325 1238 2373 quoad
1250 2324 1450 2361 dom-inam
1480 2322 1627 2371 demiffe
1656 2346 1671 2366 ,
1713 2317 1833 2370 quoad

491 2379 664 2428 requifita
681 2391 766 2416 vero
784 2377 1021 2415 excellentius
1037 2388 1050 2414 t
1078 2376 1118 2414 se
1133 2389 1154 2415 a
1170 2377 1390 2421 majoribus
1416 2375 1624 2414 nobilibus
1640 2374 1692 2412 ob
1708 2382 1833 2410 acce·

485 2441 601 2481 ptam
617 2432 702 2470 five
719 2430 864 2475 injure
880 2456 892 2475 ‚
921 2430 1003 2468 five
1020 2429 1059 2468 in
1075 2428 1332 2478 philosophia
1357 2429 1541 2468 lauream
1561 2424 1829 2467 descendere,-

484 2485 665 2534 ideoque
696 2483 879 2526 nobilem
905 2481 989 2521 dici
1004 2481 1152 2521 debere
1182 2479 1381 2532 Tiraqnell.
1410 2483 1457 2518 de
1483 2480 1654 2520 Nobilit.
1690 2486 1767 2526 cap.
1790 2487 1829 2521 5.

485 2538 790 2580 num.3.Card.de
805 2536 1134 2575 LucAePs-aebend.
1155 2530 1538 2584 cup.5.num.8.fuiffe
1556 2529 1830 2585 concionato-

486 2602 574 2629 rem
591 2589 994 2640 quadragesimalem:
1011 2587 1184 2637 probari‚
1202 2585 1514 2636 confirmarique
1531 2585 1611 2624 alia
1625 2594 1766 2622 omnia
1779 2580 1832 2617 de

486 2642 566 2679 suis
579 2641 962 2681 meritismimirum
979 2638 1097 2679 fuiffe
1113 2639 1215 2678 alias
1232 2639 1498 2688 approbatum
1512 2637 1562 2677 ad
1577 2633 1832 2686 praebendam

484 2693 811 2740 poenitentiariae
826 2694 950 2745 usque
969 2694 1016 2734 ab
1033 2705 1138 2733 anno
1157 2705 1271 2741 1742.
1287 2704 1304 2735 ,ς
1322 2689 1520 2741 praefuisse
1534 2689 1716 2742 pluribus
1732 2696 1833 2774 “itel-

1738 2751 1761 2787 g
1811 2753 1832 2764 -
