1919 2964
475 165 605 245 dliosibi
625 195 799 240 liberum
825 198 1097 238 reservaverit
1115 226 1125 235 .
1156 194 1389 236 Verisimile
1417 205 1556 239 autem
1589 211 1666 238 non
1683 197 1762 240 effe
1782 226 1798 246 ‚

480 265 525 296 ut
554 255 651 293 dum
667 252 775 290 sacra
793 251 886 289 alibi
914 262 984 299 pro
1000 250 1119 288 libitu
1134 250 1332 289 celebrari
1349 259 1540 296 poterant
1557 278 1569 296 ‚
1599 252 1799 302 adigere-³

475 306 734 356 capellanum
751 303 933 342 voluerit
953 303 1000 342 ad
1017 302 1329 342 administranda
1347 303 1596 343 sacramenta
1613 313 1727 345 extra
1744 305 1807 344 ci-

475 359 657 398 vitatem
675 357 714 395 in
730 355 1056 405 ecclefiaquinto
1073 354 1207 400 lapide
1228 354 1361 392 diffita
1377 383 1386 392 .
1405 353 1652 404 Legitimam
1670 359 1804 406 proin-

473 411 525 450 de
539 409 770 449 voluntatis
787 408 1178 455 interpretationem
1207 405 1284 445 esse
1303 433 1315 449 ‚
1348 415 1437 445 tum
1462 409 1678 453 capellano
1703 421 1805 450 onus

477 463 720 509 injunctum,
737 472 830 499 cum
848 461 946 499 inibi
959 461 1069 499 sacra
1085 458 1303 499 neceffario
1320 459 1458 508 peragi
1478 458 1725 502 debuissent.

424 513 659 556 convenire
693 516 795 560 hanc
827 512 1220 561 interpretationem
1254 511 1291 550 fa
1300 511 1362 550 Cto
1393 510 1621 550 fundatoris
1648 513 1764 560 ipsius
1790 539 1808 560 ‚

482 567 549 619 qui
569 566 721 606 nonnisi
736 578 888 604 annuos
905 566 1062 605 reditus
1091 565 1190 603 scut.
1209 578 1272 611 27.
1290 577 1354 607 30.
1384 564 1621 610 capellaniae
1639 565 1804 615 affigna-

480 620 558 660 vit‚·
578 632 655 658 non
674 619 844 658 idoneos
859 627 991 661 certe,
1006 627 1052 657 ut
1068 617 1319 666 capellanus,
1335 617 1403 668 qui
1422 615 1683 656 intolerabile
1699 617 1807 657 illud

480 684 581 711 onus
597 670 726 711 ferret
744 696 755 715 ‚
772 671 1030 710 inveniretur
1046 698 1056 709 .

426 726 633 765 Praeterea
649 724 886 764 testatorem
907 722 1035 771 ipsum
1067 722 1148 768 post
1172 720 1385 760 fundatam
1400 746 1412 765 ‚
1445 721 1638 762 vicefimo
1656 729 1805 772 quarto

479 791 584 817 anno
599 784 695 816 ante
711 799 722 819 ‚
753 775 1028 822 capellaniam
1044 800 1057 818 ‚
1076 773 1114 811 in
1130 775 1198 812 suo
1214 775 1459 814 testamento
1475 772 1614 814 dixisse
1634 776 1803 824 :quando

469 831 709 880 saraseguita
724 827 759 865 la
777 831 849 864 mia
865 837 976 864 morte
991 827 1127 874 eleggo‚
1143 831 1294 871 nomino,
1310 841 1328 864 e
1343 829 1470 875 deputo
1481 836 1546 876 per
1560 827 1802 876 amministra-

478 893 553 920 tore
566 883 607 918 di
619 883 722 918 detta
737 879 936 929 capellania
945 889 1012 928 per
1015 880 1107 927 firm,
1136 880 1199 917 che
1213 881 1344 917 vivera
1372 878 1547 917 Giuliano
1564 880 1802 927 compagnons

472 939 658 985 pronipote
684 932 738 970 col
748 933 827 981 peso
841 958 853 976 ‚
885 933 931 969 ed
946 931 1082 980 obbliga
1098 933 1137 967 di
1150 932 1214 977 far
1228 929 1409 969 celebrare
1411 932 1611 980 solamente
1628 934 1727 969 dctte
1741 942 1800 980 ¹tre

476 988 581 1037 mqffe
605 986 847 1033 lasettimana
873 999 894 1021 a
917 995 1039 1022 tenore
1066 982 1355 1032 dell'istromento
1381 983 1681 1028 dell'erezzjone
1697 1011 1708 1022 .
1739 983 1798 1023 Ex

476 1041 617 1092 quibus
632 1047 800 1087 apparet
818 1037 868 1077 de
879 1049 1002 1076 onere
1018 1035 1319 1075 administrandi
1335 1037 1580 1075 sacramenta
1596 1038 1676 1082 post
1686 1036 1798 1076 suam

475 1100 656 1132 mortem
674 1115 687 1135 ‚
701 1102 836 1140 neque
851 1087 1098 1130 intellexisse
1115 1097 1237 1128 antea
1257 1114 1269 1134 ‚
1285 1100 1358 1128 nec
1377 1091 1458 1138 post
1473 1087 1799 1139 cogitasse5dum

475 1144 635 1184 tabulas
649 1141 754 1181 fecit
770 1171 780 1182 .

423 1194 554 1239 Addit
570 1221 584 1242 ‚
613 1195 746 1234 multo
765 1195 894 1244 magis
922 1193 981 1234 ita
1001 1191 1313 1242 intelligendam
1336 1193 1540 1233 testatoris
1574 1203 1759 1234 mentem
1775 1217 1793 1239 ‚

471 1249 566 1300 quia
580 1248 774 1298 agebatur
792 1246 842 1286 de
859 1246 955 1286 rein
972 1247 1060 1291 ejus
1075 1246 1270 1295 potestate
1286 1271 1297 1290 ,
1326 1246 1364 1285 Sc
1393 1246 1563 1284 arbitrio
1595 1258 1671 1284 non
1691 1247 1793 1294 posi-

467 1306 512 1341 ta
528 1325 542 1344 ‚
559 1302 597 1340 81
611 1303 696 1351 quae
712 1301 758 1338 ab
771 1298 940 1337 arbitrio
960 1298 1146 1346 Episcopi
1162 1297 1358 1345 penderet
1378 1299 1496 1337 unice
1515 1327 1525 1338 .
1556 1299 1707 1338 Exorat
1722 1299 1792 1339 de·-

470 1363 585 1393 mum
599 1375 614 1395 ‚
641 1360 686 1390 ut
705 1349 864 1400 quando
878 1353 960 1390 haec
975 1351 1115 1388 omnia
1133 1362 1210 1388 non
1231 1350 1417 1397 placeant
1431 1375 1444 1393 ‚
1474 1362 1731 1400 quocumque
1748 1351 1788 1390 in

468 1404 613 1448 dubio,
628 1403 707 1450 ipse
721 1414 872 1452 angore
888 1429 901 1448 ,
919 1416 963 1442 ac
983 1401 1262 1440 sollicitudine
1275 1402 1402 1440 animi
1417 1410 1646 1449 opportune
1665 1403 1792 1441 exsol-

468 1466 588 1497 vatur
604 1467 675 1495 ‚·ac
690 1455 880 1494 deleatur
894 1465 996 1494 onus
1012 1478 1025 1498 ,
1051 1453 1159 1504 quod
1175 1461 1291 1493 certe
1322 1453 1484 1501 impleri
1518 1466 1595 1492 non
1624 1456 1751 1502 potest
1778 1483 1789 1495 .

468 1508 649 1557 Impares
677 1507 753 1547 effe
769 1506 925 1550 reditus
955 1507 1051 1545 huic
1078 1504 1247 1545 ferendo
1269 1506 1385 1545 oneri
1402 1517 1412 1544 t
1441 1507 1590 1546 habere
1619 1517 1690 1550 pro
1717 1507 1791 1548 se..-

470 1562 601 1604 usum‚
616 1559 686 1609 qui
701 1561 802 1598 hanc
819 1568 1002 1600 mentem
1014 1563 1061 1598 ab
1077 1558 1202 1597 initio
1217 1560 1298 1608 post
1313 1556 1541 1597 fundatoris
1557 1558 1716 1597 obitum
1732 1559 1791 1598 in-

469 1620 724 1663 terpretatur
743 1612 911 1651 :habere
927 1623 998 1662 pro
1015 1613 1053 1652 se
1071 1610 1252 1661 Episcopi
1269 1611 1564 1657 testimonium,
1581 1621 1627 1650 ac
1643 1609 1791 1651 fautri-

467 1678 559 1706 cem
578 1663 824 1704 sententiam
841 1694 851 1703 .
1715 1660 1720 1665 “

414 1719 634 1768 Episcopus
649 1716 740 1755 sane
758 1715 955 1765 petitioni
971 1713 1186 1756 assentitur
1203 1727 1213 1753 ε
1243 1719 1293 1753 vt
1315 1719 1428 1753 animi
1443 1717 1514 1752 mei
1530 1715 1678 1764 sensum
1704 1724 1788 1764 ape-

465 1773 560 1810 riam
563 1769 744 1818 supremis
761 1766 1032 1820 eorumjuffibus
1046 1771 1283 1817 obtemperans
1301 1769 1485 1806 crederem
1501 1767 1617 1804 locum
1631 1768 1700 1817 effe
1722 1767 1785 1803 de-

464 1822 656 1862 clarationi
682 1821 726 1857 ab
754 1820 824 1869 ipso
851 1821 1016 1858 Alberco
1044 1823 1204 1870 expositae
1220 1849 1229 1858 .
1261 1822 1351 1858 Cum
1365 1824 1460 1857 enim
1467 1820 1648 1866 fundator
1660 1818 1783 1866 miffas

461 1889 484 1914 a
498 1871 677 1924 capellano
706 1871 883 1909 celebrari
898 1873 1057 1911 voluea't
1079 1877 1118 1911 in
1134 1873 1275 1920 ecclesia
1291 1871 1409 1909 rurali
1435 1871 1638 1909 Ctraarellae
1652 1872 1779 1908 diebus

461 1928 651 1965 dominicis
665 1949 678 1969 ‚
696 1927 738 1968 &²
745 1924 844 1973 festis
861 1924 907 1961 de
917 1933 1087 1974 praeccpto
1103 1929 1182 1963 vita
1197 1924 1359 1962 natarali
1374 1924 1475 1973 ipfius
1486 1923 1696 1970 fundatoris
1712 1924 1780 1960 du-

462 1990 567 2018 rante
582 2003 595 2023 ,
623 1979 667 2020 &¹
682 1990 747 2014 non
760 1977 859 2015 ultra
877 2002 888 2021 ,
917 1987 1024 2027 atque
1050 1975 1256 2030 injunxerit
1278 1980 1388 2014 etiam
1415 1989 1499 2013 onus
1527 1974 1780 2024 administran-

457 2034 498 2069 di
503 2031 738 2080 sacramenta
767 2031 994 2068 Poenitentiae
1006 2055 1019 2074 ,
1048 2033 1092 2074 &¹
1105 2030 1339 2078 Euchanstiae
1363 2032 1402 2065 in
1417 2030 1542 2066 eadem
1559 2027 1701 2076 ecclesia
1714 2052 1728 2072 ‚
1747 2027 1781 2076 fi

465 2084 658 2123 celebratio
674 2081 858 2130 miffarum
870 2081 1030 2120 limitata
1039 2083 1120 2129 suit
1144 2083 1194 2120 ad
1209 2082 1540 2127 vitam-fiendatoris
1558 2105 1571 2125 ,
1596 2082 1707 2119 etiam
1720 2080 1777 2116 al-

461 2147 581 2174 terum
592 2147 698 2172 onum
722 2135 771 2171 ad
785 2139 901 2172 vitam
926 2136 1067 2184 pariter
1073 2135 1282 2183 fundatoris
1311 2134 1513 2171 limitatum
1536 2133 1611 2170 dici
1641 2133 1745 2168 debet
1760 2160 1770 2169 .

462 2188 565 2226 Illud
569 2188 747 2237 siquidem
754 2187 935 2233 fiandator
958 2191 997 2224 in
1010 2191 1125 2225 animo
1152 2188 1282 2225 habuit
1298 2210 1310 2229 ‚
1341 2197 1382 2223 ut
1395 2187 1481 2223 dara
1504 2183 1706 2234 capellanus
1733 2187 1773 2221 in

459 2241 558 2278 dif't'a
569 2239 712 2286 ecclesta
725 2238 845 2287 miffln
859 2238 1062 2277 celebrabat
1076 2249 1140 2289 pro
1154 2240 1408 2287 commoditate*
1427 2236 1666 2285 agricolarum
1677 2261 1692 2281 ‚
1722 2238 1776 2273 in-

460 2293 665 2342 digentibus
682 2303 817 2339 quoque
827 2291 981 2340 praefata
984 2291 1221 2337 sacramenta
1249 2289 1516 2338 administraret
1529 2318 1539 2328 .
1569 2289 1680 2338 Qod
1703 2287 1778 2325 cla-

459 2349 535 2384 rius
544 2353 718 2393 praeterea
732 2343 976 2392 manifestavit
989 2347 1028 2380 in
1043 2341 1118 2394 ejus
1134 2343 1338 2391 testamento
1352 2367 1365 2386 ‚
1390 2345 1428 2380 in
1440 2355 1505 2391 quo
1531 2340 1684 2390 Juliano
1708 2339 1774 2375 ad·

457 2397 693 2446 ministratori
706 2393 912 2443 capellaniae
927 2408 1010 2432 onus
1025 2393 1193 2447 injunxit
1207 2394 1324 2442 miffits
1338 2395 1581 2431 tantummodo
1595 2392 1777 2431 celebrare

449 2449 619 2500 faciendi
632 2476 643 2486 .
673 2447 751 2484 His
767 2449 907 2485 accedit
925 2472 938 2492 ‚
955 2449 1049 2498 quod
1062 2450 1200 2486 reditus
1219 2447 1423 2495 capellanie
1434 2447 1523 2485 tales
1538 2444 1680 2491 nonsun
1687 2451 1718 2488 t,
1731 2453 1775 2481 ut

453 2502 624 2553 sufficere
633 2501 755 2549 poffint
762 2508 826 2548 pro
834 2499 1010 2549 stipendio
1024 2499 1204 2549 capellani
1220 2499 1421 2548 confiffarii
1437 2511 1447 2537 ε
1475 2498 1523 2546 as
1521 2499 1668 2535 :endunt
1680 2499 1773 2533 enim

459 2557 509 2593 ad
522 2565 638 2592 annna
643 2552 750 2600 scuta
767 2564 827 2596 27.
845 2552 1132 2600 30.‚fi›lvuntur
1144 2563 1206 2601 pro
1223 2550 1438 2600 eleemos-{rna
1452 2548 1633 2597 mfflcrum
1649 2550 1674 2586 d
1679 2552 1774 2586 omi·

460 2604 743 2654 nici5‚festifque
759 2606 885 2642 diebus
907 2608 945 2641 in
958 2605 1099 2651 ecclesia
1114 2603 1232 2642 rurali
1249 2603 1349 2652 scut.
1371 2617 1429 2642 ιο.
1455 2605 1664 2640 annuatim.
1695 2602 1773 2638 Re·-

459 2657 558 2705 liqua
573 2661 640 2694 vix
645 2655 840 2704 sufficiunt
860 2665 924 2704 pro
936 2656 1147 2706 eleemosyna
1163 2655 1580 2705 reliqnarum-miffarum
1593 2680 1606 2700 ‚
1633 2651 1772 2692 ultra...-

463 2708 558 2760 quod
571 2722 638 2746 non
652 2719 734 2746 erat
755 2713 794 2747 in
800 2707 982 2756 facultate
995 2709 1171 2758 testatoris
1185 2737 1196 2748 .
1704 2753 1743 2793 Α

1750 2767 1785 2792 r„
