1919 2964
512 205 589 242 126

61 241 153 292 sess·
177 255 237 304 ²:2-
253 250 400 294 σαμε·
541 254 774 295 JRMANA
816 251 1203 299 PARocfflAms
1228 286 1236 295 .
1284 255 1486 296 Dedimus
1510 256 1690 307 speciem
1721 257 1842 305 hujus

61 297 106 334 de
118 295 279 345 Restm&
562 307 699 348 Causae
728 308 766 347 in
788 306 906 346 Folio
924 306 1264 358 Congregationis
1283 307 1428 347 habitae
1444 309 1511 348 die
1531 325 1592 360 24.
1606 310 1703 360 Julii
1730 312 1843 359 supe-

506 360 625 400 rioris
655 360 776 400 anni:
807 361 844 402 ὃς
873 361 923 399 ob
952 362 1180 400 concessam
1208 360 1432 400 Dominico
1457 360 1646 402 Paffarini
1675 363 1843 403 dilatio-

503 425 598 452 nem
619 440 630 457 ‚
661 414 799 452 denuo
827 412 942 450 illam
968 413 1247 460 descriplimus
1277 414 1314 451 in
1348 412 1466 450 Folio
1483 413 1838 466 ‘Congregationis

504 465 652 505 habitat
670 466 738 505 die
772 479 832 503 21.
854 465 1049 511 Augusti,
1083 466 1369 516 propofitoque
1387 464 1525 503 Dubio
1552 479 1579 499 =
1607 470 1679 506 An
1708 470 1845 519 constet

506 521 554 555 de
564 517 810 556 trrationabili
827 518 980 567 Judicio
995 519 1273 568 Archiepiscopi
1288 543 1298 562 ,
1329 521 1426 554 itaut
1440 519 1619 556 parochia
1637 523 1680 559 S.
1699 524 1840 560 Hiero-

503 576 600 620 nymi
619 572 783 609 Orticmi
797 573 848 619 fit
863 569 1113 624 adjudicanda
1133 574 1321 610 Dominico
1339 571 1524 620 Pqſj‘arini
1536 570 1558 610 ,Ρ
1584 587 1614 608 :
1642 572 1838 613 Eminet?

502 622 647 662 tissimi
663 625 804 663 Patres
816 623 1110 671 responderunt
1129 641 1156 661 ε.-
1183 624 1422 671 Affirmative
1438 627 1477 660 in
1491 624 1591 672 casu,
1611 626 1656 662 de
1674 639 1740 674 quo
1755 630 1836 676 agi-

503 686 568 714 tur
592 690 646 716 :5
675 678 807 716 rursus
824 685 964 715 tamen
984 678 1182 724 propofita
1195 675 1321 714 Causa
1339 675 1406 714 die
1426 689 1486 715 22.
1503 677 1703 723 praeteriti
1721 690 1838 717 men·-

504 729 552 766 sis
572 728 753 779 Januarii
766 754 779 773 ‚
798 728 1039 778 rescriptum
1054 729 1133 768 fuit
1148 745 1175 766 =
1188 729 1442 768 Recedendum
1458 743 1479 766 a
1492 731 1614 777 decths
1629 746 1657 766 =
1674 759 1685 770 .
1717 729 1840 779 Qae⁴

500 781 673 820 stionem
690 795 786 831 ergo
805 782 993 822 instaurat
1025 781 1271 822 Dominicus
1298 779 1520 821 Paffarinus
1540 806 1553 825 ‚
1580 783 1835 822 contendens

503 833 687 872 :standum
707 834 785 874 esse
800 834 839 873 in
856 835 988 883 primo
1004 837 1096 874 loco
1109 835 1250 873 decisis
1267 863 1276 873 .
1308 833 1478 873 Differit
1495 847 1616 883 porro
1633 861 1646 880 ‚
1662 847 1833 885 gravem

501 885 815 935 Archiepiscopi
833 888 1091 935 apoplexiam
1107 913 1121 932 ‚
1153 899 1229 925 non
1247 885 1450 925 exclusam
1468 888 1516 924 ab
1535 887 1832 927 attestatione)

500 938 625 986 primi
643 939 801 978 Medici
816 938 1016 978 Civitatis
1046 941 1098 978 ob
1114 950 1272 978 errores
1287 964 1299 982 ‚
1332 938 1370 976 in
1390 950 1489 987 quos
1506 938 1662 987 irrepfit
1681 965 1694 985 ‚
1725 941 1835 979 rela-

505 989 594 1029 tive
617 992 666 1029 ad
682 991 933 1032 Concursum
951 992 1135 1031 habitum
1152 1003 1223 1040 pro
1240 989 1432 1030 Plebania
1449 989 1574 1029 Castri
1592 991 1756 1032 Cerreti
1784 994 1834 1031 ab

502 1041 589 1091 ipso
605 1044 874 1084 enunciatum
887 1069 901 1088 ‚
931 1045 969 1084 ὅ(
984 1057 1005 1083 a
1034 1044 1151 1084 novis
1169 1043 1353 1083 Testibus
1369 1044 1674 1092 comprobatam
1691 1071 1704 1091 ‚
1719 1044 1833 1083 infir-

498 1107 614 1133 mum
630 1096 733 1136 adeo
749 1097 964 1137 reddidisse
983 1097 1096 1137 illius
1108 1095 1309 1142 judicium
1324 1121 1337 1140 ‚
1363 1104 1407 1134 ut
1423 1096 1535 1135 nulla
1564 1096 1666 1135 oriri
1691 1097 1833 1136 valeat

500 1148 764 1197 praesumptio
781 1150 1060 1189 idonioritatis
1085 1149 1272 1195 Caietani
1287 1148 1464 1187 Moretti
1477 1150 1525 1186 ab
1540 1161 1590 1188 eo
1601 1149 1803 1197 praeelesti
1821 1161 1835 1187 ε

500 1202 951 1251 ιιεορητίιιτηρῑὶοηεῐη
965 1203 1072 1242 vires
1101 1201 1290 1250 accipere
1316 1212 1362 1239 ex
1391 1200 1834 1246 judicio-Pro-Vicarii

506 1251 756 1299 Generalis,
780 1255 847 1305 qui
863 1254 1084 1296 Concursui
1102 1279 1118 1299 ,
1157 1254 1196 1293 Sc
1222 1252 1500 1303 praeeieetioni
1518 1251 1736 1297 interfuit,
1765 1263 1832 1293 at-

503 1316 583 1353 que
600 1304 916 1352 institutionem,
935 1309 972 1348 Sc
989 1305 1266 1354 poffeffionem
1282 1304 1534 1344 Parochialis
1552 1306 1723 1346 tradidit
1739 1305 1834 1345 Moae

500 1365 615 1395 retto
627 1382 639 1402 ‚
657 1358 750 1409 quia
765 1359 1058 1399 Pro-vicarius
1072 1360 1139 1399 vel
1157 1358 1358 1398 facultate
1373 1356 1613 1397 conferendi
1629 1358 1833 1398 Beneficia

500 1410 670 1448 carebat
688 1436 701 1455 ‚
732 1424 811 1450 non
829 1412 1001 1451 constito
1017 1412 1068 1451 de
1083 1411 1252 1460 speciali
1278 1410 1545 1459 delegatione
1562 1436 1575 1454 ‚
1603 1411 1668 1449 vel
1684 1412 1833 1450 huma—

496 1472 547 1500 na
567 1460 782 1503 affecffione
796 1473 937 1503 motus
953 1464 1120 1503 videtur
1135 1489 1148 1507 ‚
1177 1463 1227 1501 ob
1241 1462 1623 1501 commendationes
1641 1472 1830 1512 acceptas

496 1513 805 1562 proMoretto‚
835 1526 879 1554 ut
909 1516 1101 1567 inquiunt
1128 1514 1265 1554 Testes
1291 1515 1415 1553 modo
1439 1513 1611 1553 exhibiti
1640 1527 1657 1554 3
1685 1516 1829 1566 quibus

493 1566 926 1605 commendationibus
966 1569 1127 1615 insuper
1151 1567 1291 1605 censet
1324 1565 1547 1605 Paffarinus
1572 1567 1831 1607 tribuendam

492 1615 573 1657 esse
589 1617 847 1658 omiffionem
863 1618 1112 1658 Cancellarii
1129 1643 1142 1662 ,
1170 1618 1240 1669 qui
1258 1618 1298 1656 in
1313 1619 1456 1656 notula
1487 1618 1827 1666 compendiaria-2

491 1669 742 1709 meritorum
773 1670 956 1718 ejusdem
985 1669 1177 1711 Paffarini
1203 1680 1283 1708 non
1311 1669 1517 1718 descripsit
1532 1670 1657 1709 studia
1688 1668 1830 1711 Theo·

488 1721 626 1771 logica
655 1723 703 1761 ab
733 1735 783 1763 eo
812 1725 972 1772 perad‘ta
1004 1750 1017 1769 ‚
1047 1722 1219 1773 laliaque
1249 1733 1417 1761 munera
1443 1723 1607 1770 expleta
1638 1747 1649 1768 ‚
1677 1724 1824 1768 juxtad

499 1773 752 1815 documenta
782 1776 822 1815 in
847 1775 960 1815 illius
977 1775 1110 1826 primo
1129 1774 1360 1813 Summario
1377 1773 1556 1815 exhibita
1575 1775 1642 1814 sub
1656 1788 1778 1819 num.3
1791 1789 1824 1814 1.

490 1828 535 1869 ἐν
558 1839 622 1875 34.

438 1876 492 1916 Et
509 1878 666 1918 sublata
684 1879 968 1921 idonioritatis
991 1881 1306 1933 praesumptione
1322 1906 1335 1927 ‚
1364 1882 1723 1933 quaecaeteroquin
1737 1882 1824 1922 ori-

487 1939 604 1969 retur
637 1944 683 1971 ex
702 1933 860 1978 judicio
877 1934 1120 1981 Ordinarii,
1155 1934 1335 1983 disputat
1353 1934 1526 1973 Causam
1545 1935 1820 1975 definiendam

488 1982 567 2022 effe
583 2010 595 2028 ,
624 1984 740 2029 juxta
759 1986 954 2037 cujusque
973 1988 1125 2028 merita
1150 1999 1171 2026 a
1187 1984 1398 2034 produffik
1413 1986 1674 2027 documentis
1691 1988 1820 2026 resul-
1871 1993 1875 1996 ’

486 2035 620 2074 tantia
640 2063 650 2081 ,
677 2037 828 2087 fibique
845 2039 1156 2084 adjudicandam
1171 2037 1249 2078 effe
1268 2036 1554 2078 parochialem
1569 2065 1581 2084 ‚
1609 2051 1703 2078 cum
1731 2039 1823 2087 pol-

486 2087 576 2126 leat
594 2088 816 2134 majoribus
834 2092 1131 2140 praerogativis‚
1151 2091 1245 2142 quia
1261 2091 1363 2130 licet
1380 2091 1516 2136 junior
1531 2092 1577 2130 fit
1595 2099 1736 2136 aetate,
1751 2089 1824 2129 Sa-

487 2139 677 2179 cerdotio
695 2167 708 2186 ‚
741 2142 779 2180 &
795 2154 966 2182 munere
983 2142 1224 2183 Confess'arii
1242 2168 1254 2187 ‚
1274 2151 1456 2182 attamen
1471 2143 1672 2191 praecellit
1688 2142 1821 2181 scien-

487 2190 549 2229 tia
566 2217 578 2235 ‚
610 2202 822 2244 tamquam
841 2195 993 2239 majori·
1006 2195 1287 2245 suffragiorum
1304 2207 1476 2234 numero
1492 2196 1732 2243 approbatus
1750 2218 1764 2237 ‚
1780 2195 1820 2234 δε

483 2245 645 2293 praestat
673 2246 804 2292 etiam
839 2247 1070 2285 idoneitate
1099 2248 1149 2285 ad
1179 2246 1330 2284 Curam
1362 2246 1604 2283 Animarum
1622 2267 1636 2287 ‚
1670 2253 1826 2294 quam-A

487 2295 582 2333 ac'tu
599 2306 765 2336 exercet
781 2323 794 2342 ‚
823 2297 887 2336 uti
904 2298 1011 2335 alter
1028 2309 1075 2337 ex
1091 2295 1359 2336 portionariis
1377 2296 1545 2334 Curatis
1562 2294 1700 2335 Terrae
1722 2296 1823 2337 Por·-
1863 2304 1871 2340 ζ

486 2347 590 2386 cnlae
622 2347 819 2387 Dioecefis
851 2348 1012 2388 Montis
1036 2348 1131 2387 Alti
1147 2362 1162 2389 ,-
1192 2348 1277 2386 imo
1296 2355 1496 2388 ‘autumat
1528 2373 1542 2393 ‚
1572 2347 1821 2397 prudentia*

483 2411 646 2451 quoque
663 2400 823 2440 anteire
854 2401 968 2440 suum
987 2401 1276 2450 oppositorem
1294 2425 1307 2444 ‚
1341 2399 1411 2450 qui
1441 2408 1556 2438 tanta
1587 2400 1819 2441 concitavit

479 2452 613 2502 jurgia
631 2452 671 2490 in
690 2449 820 2491 Terra
831 2452 992 2492 Montis
1009 2452 1137 2492 Fl'oris
1156 2452 1349 2491 Firmanae
1365 2451 1578 2497 Dioecefis‚
1592 2452 1689 2490 dum
1710 2453 1751 2491 in
1767 2466 1817 2494 ea

478 2502 725 2553 fungebatur
742 2516 913 2546 munere
930 2502 1172 2547 Confessarii
1190 2503 1442 2543 Monialium
1457 2528 1472 2549 ‚
1487 2511 1533 2543 ut
1550 2505 1750 2544 meruerit
1767 2508 1823 2546 ab

477 2555 620 2595 officio
640 2558 873 2597 removeri.

426 2604 640 2648 Morettus
671 2622 772 2648 vero
800 2619 963 2658 captam
991 2609 1179 2652 defendit
1208 2610 1523 2651 Resolutionem
1536 2635 1549 2655 ‚
1579 2609 1732 2650 nedum
1765 2622 1818 2651 ex*

473 2659 631 2716 judicio
658 2662 996 2712 Archiepiscopi‚
1029 2662 1138 2714 quod
1156 2662 1320 2704 firmum
1337 2660 1466 2703 {fuisse
1497 2662 1619 2702 docet
1643 2663 1821 2702 alterius

473 2708 634 2750 Medici
652 2714 888 2754 testimonio
906 2741 920 2761 ‚
945 2716 1013 2755 sed
1031 2715 1162 2754 etiam
1199 2727 1245 2754 ex
1260 2714 1417 2760 judicio
1444 2711 1705 2757 Pto—Vicani
1728 2715 1814 2754 Ge-

473 2762 627 2803 uetans
645 2789 660 2812 ‚
674 2765 790 2812 iuxta
805 2768 926 2817 hujus
941 2767 1171 2809 exhibitam
1192 2766 1412 2819 Epistulam
1428 2790 1443 2814 2
1461 2765 1672 2820 disputans
1689 2790 1702 2811 2
1720 2779 1815 2806 eum

1726 2830 1809 2858 non
