1889 2959
1337 155 1412 186 109

89 206 239 256 -gestris
254 198 504 241 Secretariae*
519 198 588 236 sub
600 196 667 236 die
699 210 730 235 ι.
743 195 984 236 Decembris
1007 203 1119 241 1725.
1133 193 1424 239 lib.75.Decret.

94 261 272 309 ·pag.668.
287 268 303 294 ,-
333 252 427 292 ideo
443 251 631 290 censebat
647 249 840 288 Oratoris
854 249 1038 297 precibus
1056 246 1178 286 annui
1193 246 1317 295 porse,
1331 251 1426 288 cum

104 306 326 360 praesertim
343 303 583 344 Confratres
602 301 822 342 Societatis
838 301 939 340 nihil
966 300 1006 338 in
1033 301 1283 339 contrarium
1301 312 1428 347 opno-

99 368 259 401 nerent.
277 357 377 396 Voti
394 368 560 405 compos
582 355 721 408 itaque
739 352 907 394 effectus
927 353 1083 392 Orator
1102 365 1170 402 per
1186 352 1427 401 rescriptum

104 411 187 452 diei
211 425 271 450 12.
289 408 494 450 Februarii
516 421 628 455 1757.
644 434 658 454 ‚
686 417 729 447 ut
748 407 789 446 in
805 407 1279 454 lib.107.Decret.pag.66.
1300 429 1312 447 ,
1340 418 1432 454 gra·

101 463 205 503 tiam
223 461 453 502 confirmari
468 461 631 500 curavit
653 460 775 500 Brevi
793 459 1028 507 Apostolico
1044 456 1430 498 san.mem.Benedi-

97 515 155 555 cti
176 514 293 556 XIV.
309 539 323 559 ,
350 514 511 552 munito
528 513 706 551 clausula
722 537 737 557 ,
769 520 815 550 ut
834 511 937 551 solet
952 537 965 556 ,
985 510 1100 558 salva
1115 511 1380 559 tamensemper
1393 513 1432 547 in

80 569 284 619 ‘premiſsis
315 567 526 606 aufforitate
571 573 843 602 memoratorum
875 562 1130 603 Cardinalium
1152 593 1162 603 .

52 619 156 660 Cum
171 621 272 661 vero
287 619 396 659 idem
407 617 550 668 Joseph
563 629 686 656 novas
702 614 910 656 obtulisset
929 628 1066 666 preces
1082 627 1186 654 anno
1209 614 1442 664 1760.,qui-->

99 674 170 712 bus
183 671 470 719 postulabat‚ut
481 669 657 709 facultas
674 669 958 718 indulgeretur
974 668 1086 706 Filiae
1103 669 1180 706 suae
1199 664 1433 715 assequendi

93 722 310 774 praefatum
331 722 557 763 Subfidium
579 723 619 760 in
638 723 728 761 casu
750 722 877 762 etiam
892 721 1172 768 Matrimonii,
1191 721 1229 759 &⁷
1249 718 1434 767 precibus

94 775 384 816 assentirentur
411 785 501 814 tum
521 775 742 825 Episcopus
771 775 821 813 de
840 786 954 813 more
988 773 1180 818 auditus,
1207 781 1298 810 tum
1326 770 1437 808 Con-

93 827 332 870 fraternitas
351 829 528 868 Patrona
546 853 560 873 ,
592 840 663 877 pro
679 837 767 868 rata
784 837 923 867 tamen
938 827 1146 866 scutorum
1164 839 1256 874 400.
1274 824 1438 863 solven-

97 881 150 920 da
168 879 272 920 infra
289 879 527 921 sexennium
541 894 556 920 ‚-
591 889 810 920 commotae
842 882 932 920 sunt
945 879 1097 919 Puella:
1114 877 1310 918 Civitatis
1324 901 1337 920 ,
1365 886 1440 913 vo-

99 934 154 974 tis
173 932 366 972 Oratoris
385 934 616 972 obfistentes
635 962 645 972 .
663 934 715 973 Et
732 934 835 973 licet
853 934 926 973 ille
944 945 1057 971 novae
1077 929 1276 981 petitioni
1292 937 1442 967 renun-

98 985 278 1026 ciaverit
293 1009 306 1030 ,
341 994 487 1034 optans
518 986 648 1024 solum
680 986 999 1037 exequutionem
1026 983 1168 1024 Brevis
1181 978 1407 1031 Apostolici
1424 991 1441 1018 2·

100 1037 370 1077 nihilominus
402 1039 522 1084 hujus
542 1039 670 1077 etiam
689 1039 832 1078 Brevis
862 1037 1173 1078 revocationem
1195 1033 1442 1084 postulantes

98 1090 251 1131 Puellae
276 1090 497 1136 Civitatis,
512 1090 562 1129 n'e
577 1090 742 1130 illarum
760 1091 963 1131 sexdecim
976 1089 1163 1128 Subfidiis
1183 1085 1441 1127 fraudentur,

98 1142 272 1182 Causam
291 1155 338 1182 ex
362 1142 532 1183 decreto
550 1143 705 1184 R.P.D.
722 1142 939 1184 Auditor-is
961 1139 1206 1182 Sanfflffimi
1232 1135 1443 1176 committi

95 1194 370 1234 obtinuerunt
400 1195 495 1236 nuic
513 1196 641 1236 Sacrae
657 1196 983 1247 Congregationi
1001 1221 1015 1240 ,
1042 1192 1193 1242 praevia
1212 1188 1444 1239 aperitione

95 1246 194 1286 Oris
212 1276 231 1287 ,
254 1247 309 1286 Et
339 1261 444 1288 nunc
459 1249 668 1298 disputant
687 1249 975 1299 Obreptitium
993 1244 1110 1286 fuiffe
1137 1244 1266 1283 Breve
1282 1267 1296 1287 ,
1325 1244 1446 1279 cum-a

97 1298 257 1338 Orator
290 1299 341 1339 ad
367 1301 472 1341 illud
488 1302 793 1352 impetrandum
809 1300 1036 1341 narraverit
1051 1323 1064 1343 ,
1080 1297 1313 1347 Scipionem
1331 1292 1446 1341 pium

97 1350 285 1391 Testator
297 1365 364 1392 em
405 1352 520 1392 fuiffe
553 1357 772 1393 Authorem
801 1355 916 1393 suum
944 1380 957 1400 ‚
986 1353 1088 1391 licet
1116 1350 1199 1397 ipse
1227 1347 1341 1386 illius
1371 1346 1447 1401 ¹³.ae-

98 1415 162 1443 res
191 1417 270 1442 non
305 1403 432 1444 fuerit
459 1429 472 1449 ‚
490 1408 732 1445 necconstet
761 1407 809 1443 ab
828 1406 903 1444 illo
919 1402 1189 1444 descendere.
1224 1399 1448 1445 Obreptio-

101 1467 198 1496 nem
213 1465 409 1505 praeterea
425 1470 472 1497 ex
499 1470 548 1496 eo
567 1458 774 1497 deducunt
789 1483 803 1503 ,
832 1456 940 1507 quod
956 1456 1111 1495 Orator
1131 1450 1361 1490 narraverit
1379 1448 1446 1504 ’.se

99 1519 324 1557 pauperem
344 1507 423 1548 effe
439 1535 451 1554 ‚
479 1522 564 1558 quae
593 1518 805 1558 paupertas
826 1508 1068 1546 insubfistens
1085 1504 1253 1543 videtur
1272 1500 1448 1544 Puelhs,

97 1559 278 1601 cumille
297 1585 311 1605 ,
328 1561 482 1599 caeteris
509 1561 590 1600 lice
603 1570 620 1599 t
634 1561 745 1599 bonis
763 1560 980 1599 destitutus
997 1583 1010 1602 ,
1031 1557 1189 1596 avitam
1207 1554 1338 1593 adhuc
1357 1551 1447 1601 pos-

99 1613 227 1652 fideat
245 1611 426 1652 Domum
441 1624 636 1661 magnam
672 1613 710 1651 in
731 1611 917 1651 'Civitate
944 1609 1093 1651 Veruli
1107 1633 1120 1652 ,
1153 1609 1191 1647 ὃς
1208 1608 1296 1653 ejus
1317 1604 1444 1643 Filius

101 1665 151 1705 de
164 1665 363 1714 opulento
391 1665 596 1704 Beneficio
623 1665 902 1704 Ecclesiastico
929 1664 976 1702 fit
993 1661 1176 1713 provisus
1195 1689 1204 1698 .
1287 1666 1290 1667 ’

52 1718 230 1759 Demum
245 1717 447 1762 objiciunt
464 1717 789 1764 subreptionem,
810 1717 903 1767 quia
922 1717 1078 1755 Orator
1093 1712 1266 1753 reticuit
1282 1709 1446 1749 enixam

103 1769 325 1810 Testatoris
345 1771 610 1810 voluntatem
631 1770 871 1809 consulendi
888 1768 1129 1818 pauperibus
1147 1764 1303 1804 Puellis
1322 1787 1333 1805 ‚
1351 1774 1446 1800 cum
1487 1782 1491 1785 <

100 1820 272 1870 expressa
291 1822 569 1870 prohibitione
603 1822 718 1861 illius
747 1821 1028 1871 derogationis
1046 1850 1055 1859 .
1084 1819 1201 1857 Num
1230 1817 1330 1855 vero
1360 1817 1445 1859 haec

99 1874 257 1920 ob‘jeesta
278 1875 467 1914 relevent
495 1875 546 1913 ad
566 1873 869 1924 infringendam
896 1873 1074 1924 gratiam
1106 1872 1159 1910 de
1190 1878 1292 1908 voto
1323 1869 1443 1912 hujus

103 1926 233 1966 Sacrae
249 1927 595 1976 congregationis
612 1927 818 1966 indultam
836 1953 847 1971 ,
865 1929 947 1975 post
965 1926 1097 1964 visum
1118 1923 1444 1962 Testamentum,

190 1979 348 2016 uditam
364 1979 614 2018 relationem
633 1979 824 2027 Episcopi
842 1978 1024 2019 testantis
1044 2004 1057 2023 ,
1091 1976 1314 2016 Oratorem
1336 1972 1445 2011 effe-2

104 2031 156 2070 de
224 2029 619 2081 angilia-Testatoris
636 2057 649 2074 ,
681 2033 719 2069 Sc
736 2033 817 2077 post
848 2031 1024 2067 fimilem
1055 2028 1231 2077 gratiam
1262 2024 1445 2069 ejusdem

101 2080 452 2127 Oratoris‘Sorori
467 2080 695 2119 concessam
709 2093 814 2118 anno
834 2090 964 2125 1725.‚
981 2079 1083 2117 utin
1099 2075 1300 2126 principio
1316 2086 1446 2113 enun-

102 2134 210 2173 ciavi
226 2156 238 2176 ‚
252 2132 449 2181 prudenti
466 2133 545 2171 EE.
564 2131 653 2170 VV.
674 2131 831 2176 judicio
846 2129 1124 2170 definiendum
1140 2128 1218 2168 erit
1234 2150 1248 2169 ,
1280 2127 1441 2176 respon-

105 2185 239 2226 dendo
256 2183 515 2232 infrascripto
537 2183 659 2221 dubio
680 2213 689 2221 .

10 2258 19 2270 κ
56 2237 124 2278 An
134 2239 186 2290 fit
201 2238 295 2276 locus
311 2239 542 2286 exequunom·
559 2237 692 2274 Brevis
708 2260 720 2280 ‚
737 2237 778 2273 in
795 2235 878 2284 casu
892 2237 968 2278 &a

67 2441 151 2529 R
164 2445 441 2487 OSSANEN.
497 2446 669 2495 Joannes
686 2445 871 2485 Andreas
885 2471 898 2491 ,
926 2447 965 2485 ὃς
980 2442 1211 2483 Franciscus
1227 2440 1433 2480 Antonius

175 2498 333 2541 Fratres
350 2497 480 2539 Masei
498 2498 642 2536 Graeco
661 2497 743 2535 ritu
758 2498 955 2546 baptizati
984 2510 1024 2534 in
1041 2493 1434 2533 Italo-Graecorum..

116 2548 283 2606 Oppido
298 2555 336 2592 S.
351 2551 530 2599 Georgei
547 2549 741 2588 Dioecefis
757 2547 999 2587 Roffanenfis
1013 2572 1026 2592 ,
1042 2547 1183 2594 vigore
1197 2545 1434 2588 Literarum

119 2599 442 2644 dimifforialium
468 2603 527 2643 sui
544 2599 758 2641 Ordinarii
784 2599 953 2639 fuerunt
978 2599 1064 2638 ritu
1092 2598 1242 2637 Latino
1267 2599 1316 2638 ad
1346 2599 1435 2647 pri-

119 2665 228 2692 mam
246 2652 492 2696 Clericalem
508 2655 732 2694 Tonsuram
745 2677 759 2697 ,
787 2654 826 2692 Sc
839 2651 1056 2692 succeffive
1084 2651 1132 2690 ad
1161 2650 1334 2701 quatuor
1347 2651 1433 2691 Mi-

117 2716 237 2762 nores
257 2705 626 2758 Ordinespromoti
640 2719 661 2745 a
677 2704 826 2747 Latino
844 2705 1041 2755 Episcopo
1056 2703 1306 2744 Bifinianenfi
1324 2731 1336 2751 ,
1351 2705 1431 2794 filule

113 2776 116 2777 ⁷
1352 2767 1375 2794 u
1413 2767 1434 2794 a

1473 2446 1688 2500 Sess.7.cap.
1699 2465 1712 2489 1
1721 2463 1755 2493 3.
1772 2448 1818 2488 tle

1471 2499 1596 2548 Sacr.,
1611 2503 1745 2551 fysesi.
1755 2514 1815 2544 23.

1470 2560 1542 2601 cap.
1554 2568 1567 2593 1
1575 2560 1600 2594 6
1601 2555 1817 2603 ,deRefhrrm
