1919 2964
534 114 602 151 s--s

556 138 730 200 ,233521355
751 182 760 197 ,
792 157 934 206 quibus
967 155 1108 195 donati
1142 153 1236 194 sunt
1268 158 1314 194 ab
1334 155 1380 194 iis
1399 181 1410 198 ‚
1445 154 1513 206 qui
1542 155 1579 194 &-
1605 154 1764 194 reditus
1788 152 1861 192 de·

523 213 672 254 derunt
692 236 705 254 ‚
735 210 848 254 &ius
875 207 943 248 fibi
966 216 1204 258 patronatus
1226 209 1474 251 austoritate
1509 208 1700 257 legitima
1728 207 1856 247 reser-

528 270 702 303 varunt.
1649 292 1651 294 .

475 319 533 360 Ea
550 340 562 359 ,
576 327 660 364 que
676 311 927 361 alibipaffim
945 339 958 357 ,
984 314 1031 353 ’ὃς
1052 312 1202 363 ubique
1223 311 1444 352 innascitur
1470 311 1576 352 inter
1590 311 1756 352 diversae
1775 311 1858 358 spe-

526 369 606 408 ciei
620 365 852 406 Canonicos
869 392 881 410 ‚
919 364 988 415 qui
1008 364 1277 406 uniEcclefiae
1311 363 1536 405 inserviunt
1556 390 1568 409 ‚
1597 366 1662 403 hie
1694 376 1854 414 quoque

526 423 573 461 ab
591 419 712 458 initio
730 418 873 459 exarsit
888 416 1090 459 discordia
1104 429 1119 456 ,¹
1150 429 1235 470 quae
1254 414 1492 466 aliquandiu
1510 418 1622 456 varie
1640 416 1857 460 transaFta,

526 474 566 512 Sc
584 470 708 511 recisa
725 495 737 514 ‚
771 482 875 510 nunc
894 470 1028 509 denuo
1042 481 1144 512 nova
1160 493 1173 512 ‚
1202 469 1240 508 ὃς
1254 468 1453 510 viridiora
1471 468 1652 516 germina
1666 468 1824 506 emittit
1839 481 1855 507 ,-

526 524 595 564 sed
612 524 785 563 meliore
800 521 962 564 fortasse
979 521 1068 562 fato
1085 547 1099 566 ,
1133 521 1228 572 quia
1260 521 1338 559 EE.
1358 520 1525 559 Patrum
1543 545 1556 564 ‚
1585 520 1635 558 ad
1653 531 1856 570 quorum-2

525 576 728 624 judicium
747 588 851 619 nunc
869 574 1002 625 primo
1018 574 1156 617 delata
1171 575 1240 621 est,
1253 573 1480 619 consilio&
1494 583 1615 613 manu
1633 572 1857 615 eradicitus

529 628 773 676 extirpanda
795 657 804 669 .

477 683 743 731 Propugnant
761 680 888 720 Primi
904 680 1112 733 Adjunfzos
1129 680 1360 720 Canonicos
1379 679 1512 719 teneri
1529 678 1580 717 ad
1595 676 1858 731 contribuenf

535 735 632 774 dum
649 734 927 775 communiter
943 735 991 775 ad
1009 733 1148 772 omnia
1163 745 1284 772 onera
1305 759 1318 777 ,
1352 733 1390 772 Sc
1405 732 1617 781 speciatim
1636 731 1685 770 ad
1701 729 1857 768 contri·-

534 786 713 827 buendas
734 787 922 834 expensas
938 799 1010 835 pro
1024 786 1217 829 Ecclesia,
1232 787 1269 825 &-
1284 786 1467 824 Sacrario
1482 799 1495 824 ‚-
1525 786 1604 823 five
1622 796 1707 833 quae
1731 781 1858 829 respi-

527 840 646 881 ciant
663 838 830 878 aedificia
848 863 859 880 ‚
875 839 956 880 five
976 851 1056 888 qux
1071 850 1142 885 pro
1159 837 1278 877 sacris
1295 837 1544 878 indumentis
1560 863 1573 883 ,
1592 832 1857 885 supellectili-

534 892 621 933 bus,
641 890 881 939 exterisque
897 889 1152 929 ornamentis
1170 889 1397 930 inserviunt
1417 917 1426 929 .

481 941 636 984 Praeter
655 941 761 992 quod
783 942 822 983 id
850 941 900 982 de
916 944 1006 988 jure
1022 941 1099 981 effe
1119 942 1233 986 ajunt
1254 966 1266 985 ,
1296 954 1390 982 curn
1413 952 1516 979 nova
1536 939 1726 989 Collegio
1741 937 1856 984 adje-

532 996 596 1033 t‘ta
615 995 794 1035 membra
815 1020 827 1039 ,
861 995 901 1036 in
931 993 1131 1040 ejusmodi
1162 994 1277 1034 rebus
1298 1020 1309 1039 ,
1339 1006 1425 1044 quae
1458 992 1692 1032 communia
1719 991 1810 1030 sunt
1837 1014 1853 1034 ‚

534 1059 662 1088 unum
687 1058 832 1095 corpus
851 1045 1031 1086 efficiant
1049 1073 1062 1091 ‚
1083 1049 1132 1085 ad
1148 1048 1302 1086 Textum
1319 1050 1357 1083 in
1374 1043 1857 1096 cap.quicumque.1.cap.de

530 1102 583 1137 his
601 1101 646 1139 de
660 1099 796 1149 Eccles.
817 1100 946 1145 aedific.
962 1126 973 1144 ,
991 1100 1297 1138 Cmcil.Tridenc.
1307 1099 1424 1148 sess.2
1438 1113 1469 1138 1.
1491 1108 1565 1147 cap.
1582 1111 1619 1143 7.
1637 1099 1681 1134 de
1694 1096 1854 1143 Reform.

528 1154 632 1194 hanc
649 1152 759 1191 suam
775 1151 978 1195 astionem,
1000 1153 1118 1202 pasto
1136 1149 1313 1198 expresso
1339 1151 1542 1192 firmatam
1567 1148 1823 1192 contendunt
1842 1169 1858 1196 φ

529 1205 600 1245 usu
617 1203 1007 1247 ‚'&consuetudine
1026 1204 1324 1248 constabilitam
1355 1215 1364 1243 :
1393 1203 1588 1254 siquidem
1613 1212 1756 1240 omnes
1785 1198 1859 1237 ad-

529 1254 665 1299 missos
692 1267 786 1294 cum
801 1258 1011 1301 honoribus,
1028 1261 1071 1301 &⁴
1085 1258 1246 1295 oneribus
1263 1282 1276 1301 ‚
1311 1265 1356 1295 ut
1369 1268 1415 1296 ex
1435 1255 1706 1305 peculiaribus
1719 1251 1856 1298 eujus-

529 1320 708 1358 cumque
740 1321 852 1346 novae
883 1309 1103 1350 crestionis
1137 1309 1416 1349 instrumentis
1454 1318 1595 1356 patere
1625 1305 1831 1346 affirmant
1845 1315 1858 1342 :

532 1361 854 1399 controversiam
870 1373 1036 1402 omnem
1053 1387 1065 1406 ‚
1082 1374 1168 1411 quae
1186 1372 1381 1410 exurgere
1401 1359 1542 1409 posset,
1562 1357 1737 1407 solemni
1752 1367 1859 1396 tran-

529 1411 710 1454 sastione
738 1423 841 1451 anno
865 1417 982 1461 1684.
1016 1421 1273 1462 peremptam
1293 1411 1372 1451 esse
1391 1436 1403 1455 ‚
1436 1412 1502 1450 ubi
1530 1410 1778 1460 apertiffime
1803 1410 1854 1450 de

526 1464 591 1504 his
608 1463 799 1503 oneribus
815 1463 997 1507 dicitur:
1026 1464 1233 1518 Adjunft'os
1262 1476 1406 1504 omnes
1438 1464 1533 1503 huic
1560 1464 1675 1503 oneri
1696 1460 1859 1502 satisfe-

523 1512 624 1559 ciffe
638 1541 651 1559 ‚
674 1517 757 1557 five
774 1518 1082 1557 contributione
1111 1518 1352 1559 medietatis
1369 1517 1580 1556 redituum
1596 1516 1719 1564 primi
1733 1514 1826 1555 anni
1840 1538 1856 1558 ,

524 1569 608 1614 sive
627 1566 722 1607 aliis
736 1566 904 1611 diversa:
923 1569 1076 1617 speciei
1110 1569 1481 1609 contributiouibus
1499 1594 1511 1613 ‚
1543 1569 1581 1609 8<
1610 1567 1858 1617 praesertim„

528 1632 626 1660 cum
637 1620 846 1661 communi
863 1619 1139 1670 implemento
1149 1634 1323 1661 onerum
1339 1622 1466 1670 legati
1481 1620 1699 1659 Finamondi
1718 1644 1731 1663 ‚
1749 1617 1857 1669 quod

526 1673 577 1713 ad
596 1672 753 1712 Primos
771 1671 891 1712 unice
907 1673 1140 1722 pertinebat
1158 1699 1173 1720 ,
1199 1674 1307 1725 quod
1326 1675 1455 1720 postea
1474 1672 1657 1712 Sacrario
1671 1682 1859 1710 commu-v

525 1725 569 1764 ni
587 1724 779 1763 consensu
798 1726 1040 1774 affignatum
1059 1727 1111 1763 est
1125 1751 1137 1771 ‚
1175 1727 1290 1771 cujus
1305 1737 1430 1765 onera
1447 1723 1640 1778 Adjunfli
1655 1722 1855 1763 Canonici

523 1778 642 1818 fimul
661 1787 756 1818 cum
784 1777 876 1819 aliis
904 1776 1227 1826 assumpserunt:
1256 1777 1518 1817 concordiam
1538 1780 1638 1817 hanc
1655 1778 1757 1815 bona
1772 1775 1856 1814 fide

524 1828 674 1877 initam.
693 1851 708 1870 ‚
735 1828 806 1870 diu
825 1830 925 1869 bona
941 1829 1021 1869 fide
1036 1830 1265 1877 servatam,
1287 1832 1395 1873 mala
1413 1842 1516 1872 nunc
1533 1830 1629 1876 fide,
1647 1830 1686 1869 8(
1703 1827 1856 1874 iniuria

530 1880 572 1919 in
589 1879 808 1920 discrimen
824 1881 998 1921 adduci.
1235 1905 1238 1908 >

478 1931 637 1974 Contra
658 1944 756 1971 vero
771 1931 962 1988 Adjunfli
988 1934 1101 1975 suam
1129 1936 1436 1984 exemptionem
1464 1943 1637 1977 tuentur
1662 1945 1711 1974 ex
1736 1935 1858 1983 pat‘to

526 1993 762 2030 convento,
793 1996 887 2026 cum
905 1985 986 2026 duo
1002 1987 1123 2035 primi
1151 1999 1198 2026 ex
1220 1989 1310 2037 ipsis
1325 2002 1431 2027 anno
1450 1994 1561 2028 1661.
1593 1986 1747 2028 admisti
1766 1985 1857 2024 fue-

528 2046 654 2077 runts
686 2038 795 2078 clare
807 2037 919 2076 enim
949 2039 987 2076 in
1008 2051 1054 2077 ea
1082 2040 1359 2080 conventione
1387 2042 1612 2082 liberantur
1638 2039 1860 2088 aqualibet

524 2088 697 2136 expensa
711 2113 725 2134 ,
756 2091 819 2128 che
825 2091 859 2138 fi
864 2090 953 2137 sard
968 2090 1028 2127 nel
1047 2092 1297 2136 rifarciraento
1324 2093 1423 2131 della
1439 2094 1564 2144 Chiqsa
1577 2119 1590 2139 ‚
1616 2106 1636 2130 o
1659 2091 1756 2130 alim
1779 2088 1858 2128 Fa·

524 2143 651 2180 brit-a:
682 2141 850 2182 nomine
866 2149 1006 2183 autem
1023 2144 1190 2182 Fabricae
1208 2144 1349 2186 venire
1376 2147 1515 2185 omnia
1529 2170 1542 2189 ‚
1567 2157 1653 2195 quae
1674 2145 1756 2183 five
1783 2143 1856 2182 Ec-

523 2193 654 2233 clefiae
682 2194 995 2238 conservande,
1025 2196 1105 2234 five
1125 2198 1211 2241 ejus
1227 2197 1398 2236 servitio
1415 2198 1501 2237 usui
1529 2197 1649 2235 sunt:
1676 2194 1856 2235 Canoni-

522 2256 594 2284 cos
607 2244 657 2283 de
674 2245 797 2293 Maffa
836 2244 995 2285 idcirco
1006 2248 1287 2287 celebratione
1309 2248 1430 2295 Mtffae
1457 2248 1714 2287 Conventualis
1725 2248 1765 2286 se
1781 2247 1855 2285 im-

525 2307 672 2337 munes
688 2295 907 2338 reddidisse
925 2323 939 2341 ,
965 2298 1164 2341 majorem
1192 2299 1260 2336 fibi
1291 2308 1450 2345 partem
1483 2312 1530 2339 ex
1557 2298 1854 2339 emolumentis

519 2346 712 2404 funerum
737 2347 981 2403 reservasse,
1008 2350 1101 2388 hinc
1118 2349 1331 2401 Adjunffios
1359 2351 1410 2390 ad
1437 2352 1732 2401 praestationem
1763 2365 1855 2391 me·-

520 2399 695 2443 dietatis
713 2399 923 2442 redituum
948 2400 1068 2447 primi
1090 2401 1185 2440 anni
1217 2403 1254 2442 in
1270 2403 1445 2444 Sacrarii
1465 2404 1710 2445 beneficium
1739 2405 1848 2443 obli·
1884 2449 1888 2451 ,

517 2449 653 2504 gaise:
680 2451 900 2505 quicquam
915 2466 993 2495 non
1011 2453 1146 2495 facere
1165 2481 1178 2500 ,
1193 2454 1301 2506 quod
1317 2468 1365 2496 ea
1378 2457 1602 2497 conventio
1618 2458 1848 2496 anni-1661.

521 2515 617 2546 cum
633 2504 786 2547 duobus
803 2513 965 2548 tantum
983 2533 999 2552 ,
1031 2507 1309 2549 noviter-tunc
1327 2508 1459 2558 primo
1485 2509 1662 2549 admiffis
1681 2534 1697 2553 ‚
1725 2510 1851 2559 stipu-

520 2557 608 2615 lata
624 2557 700 2616 (ἱερὴ
729 2569 823 2598 nam
837 2558 1063 2601 subiisdem
1079 2561 1234 2610 legibus
1248 2586 1264 2608 ,
1293 2561 1437 2613 quibus
1452 2561 1482 2600 ii
1496 2561 1578 2601 duo
1595 2562 1744 2611 primi,
1770 2574 1851 2601 cae-

520 2616 603 2650 teri
621 2608 771 2667 deinde
786 2622 988 2654 venerunt
1005 2612 1045 2653 in
1063 2614 1330 2663 Collegium,
1348 2624 1404 2653 -ac
1420 2613 1693 2655 succefferunt
1711 2627 1723 2653 z
1750 2626 1851 2653 cond

519 2662 707 2704 cordiam
725 2664 819 2706 anni
838 2669 953 2717 1684.
969 2678 1050 2709 non
1065 2666 1230 2708 officere
1243 2679 1261 2710 ‚·
1276 2666 1376 2719 quia
1385 2677 1480 2708 cum
1493 2666 1653 2710 duobus
1663 2675 1846 2761 tagum—2

519 163 552 202 ’τ’
