<?xml version="1.0" encoding="UTF-8"?>
<!DOCTYPE html PUBLIC "-//W3C//DTD XHTML 1.0 Transitional//EN"
    "http://www.w3.org/TR/xhtml1/DTD/xhtml1-transitional.dtd">
<html xmlns="http://www.w3.org/1999/xhtml" xml:lang="en" lang="en">
 <head>
  <title>
</title>
<meta http-equiv="Content-Type" content="text/html;charset=utf-8" />
  <meta name='ocr-system' content='tesseract 3.04.00' />
  <meta name='ocr-capabilities' content='ocr_page ocr_carea ocr_par ocr_line ocrx_word'/>
</head>
<body>
  <div class='ocr_page' id='page_1' title='image "./thesaurusresolut32cath_0335.png"; bbox 0 0 1889 2959; ppageno 0'>
   <div class='ocr_carea' id='block_1_1' title="bbox 179 145 1463 230">
    <p class='ocr_par' dir='ltr' id='par_1_1' title="bbox 179 145 1463 230">
     <span class='ocr_line' id='line_1_1' title="bbox 179 145 1463 230; baseline -0.001 -8"><span class='ocrx_word' id='word_1_1' title='bbox 179 180 457 228; x_wconf 83' lang='lat' dir='ltr'><strong>UXIMANA</strong></span> <span class='ocrx_word' id='word_1_2' title='bbox 475 209 485 221; x_wconf 90' lang='lat'><strong>.</strong></span> <span class='ocrx_word' id='word_1_3' title='bbox 524 179 738 230; x_wconf 62' lang='lat' dir='ltr'><strong>franciscas</strong></span> <span class='ocrx_word' id='word_1_4' title='bbox 758 183 947 219; x_wconf 72' lang='lat' dir='ltr'><strong>Corradini</strong></span> <span class='ocrx_word' id='word_1_5' title='bbox 963 181 1166 221; x_wconf 80' lang='lat' dir='ltr'><strong>Auximan</strong></span> <span class='ocrx_word' id='word_1_6' title='bbox 1175 194 1216 222; x_wconf 84' lang='lat' dir='ltr'><strong>us</strong></span> <span class='ocrx_word' id='word_1_7' title='bbox 1231 195 1334 222; x_wconf 82' lang='lat' dir='ltr'><strong>auno</strong></span> <span class='ocrx_word' id='word_1_8' title='bbox 1350 145 1463 230; x_wconf 74' lang='lat'>177378,</span> 
     </span>
    </p>
   </div>
   <div class='ocr_carea' id='block_1_2' title="bbox 1533 184 1828 238">
    <p class='ocr_par' dir='ltr' id='par_1_2' title="bbox 1533 184 1828 238">
     <span class='ocr_line' id='line_1_2' title="bbox 1533 184 1828 238; baseline 0.003 -13"><span class='ocrx_word' id='word_1_9' title='bbox 1533 184 1631 231; x_wconf 82' lang='lat' dir='ltr'><strong>Seſs-</strong></span> <span class='ocrx_word' id='word_1_10' title='bbox 1642 199 1658 222; x_wconf 82' lang='lat'>2</span> <span class='ocrx_word' id='word_1_11' title='bbox 1669 195 1700 228; x_wconf 82' lang='lat'><strong>5.</strong></span> <span class='ocrx_word' id='word_1_12' title='bbox 1713 199 1828 238; x_wconf 51' lang='lat' dir='ltr'><strong>rasni.</strong></span> 
     </span>
    </p>
   </div>
   <div class='ocr_carea' id='block_1_3' title="bbox 190 233 1772 290">
    <p class='ocr_par' dir='ltr' id='par_1_3' title="bbox 190 233 1772 290">
     <span class='ocr_line' id='line_1_3' title="bbox 190 233 1772 290; baseline 0.005 -17"><span class='ocrx_word' id='word_1_13' title='bbox 190 233 562 290; x_wconf 22' lang='lat' dir='ltr'><strong>supremisntabulis</strong></span> <span class='ocrx_word' id='word_1_14' title='bbox 581 233 691 273; x_wconf 86' lang='lat' dir='ltr'><strong>cavit</strong></span> <span class='ocrx_word' id='word_1_15' title='bbox 708 257 723 276; x_wconf 85' lang='lat'><strong>.‚</strong></span> <span class='ocrx_word' id='word_1_16' title='bbox 755 243 799 272; x_wconf 93' lang='lat' dir='ltr'><strong>ut</strong></span> <span class='ocrx_word' id='word_1_17' title='bbox 818 235 1203 283; x_wconf 74' lang='lat' dir='ltr'><strong>multiplicarentur</strong></span> <span class='ocrx_word' id='word_1_18' title='bbox 1220 235 1373 274; x_wconf 65' lang='lat' dir='ltr'><strong>tructus</strong></span> <span class='ocrx_word' id='word_1_19' title='bbox 1394 238 1464 274; x_wconf 89' lang='lat' dir='ltr'><strong>bo-</strong></span> <span class='ocrx_word' id='word_1_20' title='bbox 1511 239 1555 275; x_wconf 88' lang='lat' dir='ltr'><strong>de</strong></span> <span class='ocrx_word' id='word_1_21' title='bbox 1573 237 1772 286; x_wconf 70' lang='lat' dir='ltr'><strong>Reformat.</strong></span> 
     </span>
    </p>
   </div>
   <div class='ocr_carea' id='block_1_4' title="bbox 82 287 1479 1017">
    <p class='ocr_par' dir='ltr' id='par_1_4' title="bbox 82 287 1479 1017">
     <span class='ocr_line' id='line_1_4' title="bbox 125 287 1466 339; baseline -0.005 -6"><span class='ocrx_word' id='word_1_22' title='bbox 125 301 271 333; x_wconf 86' lang='lat' dir='ltr'><strong>norum</strong></span> <span class='ocrx_word' id='word_1_23' title='bbox 286 311 298 330; x_wconf 86' lang='lat'><strong>‚</strong></span> <span class='ocrx_word' id='word_1_24' title='bbox 330 299 415 338; x_wconf 78' lang='lat' dir='ltr'><strong>quae</strong></span> <span class='ocrx_word' id='word_1_25' title='bbox 433 297 481 325; x_wconf 83' lang='lat' dir='ltr'><strong>ex</strong></span> <span class='ocrx_word' id='word_1_26' title='bbox 497 287 743 326; x_wconf 71' lang='lat' dir='ltr'>venditione</span> <span class='ocrx_word' id='word_1_27' title='bbox 766 287 840 324; x_wconf 60' lang='lat' dir='ltr'><strong>suae</strong></span> <span class='ocrx_word' id='word_1_28' title='bbox 858 287 1112 326; x_wconf 84' lang='lat' dir='ltr'><strong>haereditatis</strong></span> <span class='ocrx_word' id='word_1_29' title='bbox 1133 288 1466 339; x_wconf 80' lang='lat' dir='ltr'><strong>acquirerentur,</strong></span> 
     </span>
     <span class='ocr_line' id='line_1_5' title="bbox 126 338 1467 389; baseline -0.004 -6"><span class='ocrx_word' id='word_1_30' title='bbox 126 338 515 389; x_wconf 82' lang='lat' dir='ltr'><strong>adcomparandum</strong></span> <span class='ocrx_word' id='word_1_31' title='bbox 546 338 718 378; x_wconf 83' lang='lat' dir='ltr'><strong>fundum</strong></span> <span class='ocrx_word' id='word_1_32' title='bbox 734 338 929 379; x_wconf 89' lang='lat' dir='ltr'><strong>idoneum</strong></span> <span class='ocrx_word' id='word_1_33' title='bbox 957 349 1021 389; x_wconf 83' lang='lat' dir='ltr'><strong>per</strong></span> <span class='ocrx_word' id='word_1_34' title='bbox 1036 340 1072 377; x_wconf 86' lang='lat' dir='ltr'><strong>la</strong></span> <span class='ocrx_word' id='word_1_35' title='bbox 1094 342 1290 389; x_wconf 76' lang='lat' dir='ltr'><strong>prelatura</strong></span> <span class='ocrx_word' id='word_1_36' title='bbox 1319 341 1467 380; x_wconf 84' lang='lat' dir='ltr'><strong>Corra-</strong></span> 
     </span>
     <span class='ocr_line' id='line_1_6' title="bbox 125 391 1467 443; baseline 0.001 -13"><span class='ocrx_word' id='word_1_37' title='bbox 125 398 227 439; x_wconf 69' lang='lat' dir='ltr'><strong>dim‘,</strong></span> <span class='ocrx_word' id='word_1_38' title='bbox 256 403 376 443; x_wconf 87' lang='lat' dir='ltr'><strong>quam</strong></span> <span class='ocrx_word' id='word_1_39' title='bbox 397 391 718 430; x_wconf 87' lang='lat' dir='ltr'><strong>constituendam</strong></span> <span class='ocrx_word' id='word_1_40' title='bbox 737 391 872 436; x_wconf 78' lang='lat' dir='ltr'><strong>jussit,</strong></span> <span class='ocrx_word' id='word_1_41' title='bbox 906 404 1111 442; x_wconf 89' lang='lat' dir='ltr'><strong>quamque</strong></span> <span class='ocrx_word' id='word_1_42' title='bbox 1132 393 1335 436; x_wconf 70' lang='lat' dir='ltr'><strong>haeredem</strong></span> <span class='ocrx_word' id='word_1_43' title='bbox 1352 393 1467 432; x_wconf 88' lang='lat' dir='ltr'><strong>insti-</strong></span> 
     </span>
     <span class='ocr_line' id='line_1_7' title="bbox 127 443 1468 493; baseline -0.002 -6"><span class='ocrx_word' id='word_1_44' title='bbox 127 448 210 487; x_wconf 86' lang='lat' dir='ltr'><strong>tuit</strong></span> <span class='ocrx_word' id='word_1_45' title='bbox 242 476 250 485; x_wconf 93' lang='lat'>.</span> <span class='ocrx_word' id='word_1_46' title='bbox 284 444 465 484; x_wconf 86' lang='lat' dir='ltr'><strong>Primum</strong></span> <span class='ocrx_word' id='word_1_47' title='bbox 496 445 669 489; x_wconf 83' lang='lat' dir='ltr'><strong>alternis</strong></span> <span class='ocrx_word' id='word_1_48' title='bbox 703 443 860 481; x_wconf 85' lang='lat' dir='ltr'><strong>vicibus</strong></span> <span class='ocrx_word' id='word_1_49' title='bbox 889 445 1057 483; x_wconf 85' lang='lat' dir='ltr'><strong>vocavit</strong></span> <span class='ocrx_word' id='word_1_50' title='bbox 1089 446 1386 493; x_wconf 84' lang='lat' dir='ltr'><strong>descendentes</strong></span> <span class='ocrx_word' id='word_1_51' title='bbox 1421 458 1468 485; x_wconf 83' lang='lat' dir='ltr'><strong>ex</strong></span> 
     </span>
     <span class='ocr_line' id='line_1_8' title="bbox 131 496 1467 545; baseline 0 -7"><span class='ocrx_word' id='word_1_52' title='bbox 131 497 322 538; x_wconf 86' lang='lat' dir='ltr'><strong>masculis</strong></span> <span class='ocrx_word' id='word_1_53' title='bbox 343 497 512 545; x_wconf 78' lang='lat' dir='ltr'><strong>Therestae</strong></span> <span class='ocrx_word' id='word_1_54' title='bbox 543 505 680 543; x_wconf 73' lang='lat' dir='ltr'><strong>nuptae</strong></span> <span class='ocrx_word' id='word_1_55' title='bbox 704 496 914 545; x_wconf 82' lang='lat' dir='ltr'><strong>Francisco</strong></span> <span class='ocrx_word' id='word_1_56' title='bbox 930 497 1136 543; x_wconf 81' lang='lat' dir='ltr'><strong>Dittajuti</strong></span> <span class='ocrx_word' id='word_1_57' title='bbox 1156 499 1407 544; x_wconf 81' lang='lat' dir='ltr'><strong>Auximano,</strong></span> <span class='ocrx_word' id='word_1_58' title='bbox 1428 499 1467 538; x_wconf 65' lang='lat'><strong>&amp;⁷</strong></span> 
     </span>
     <span class='ocr_line' id='line_1_9' title="bbox 118 547 1471 598; baseline 0 -8"><span class='ocrx_word' id='word_1_59' title='bbox 118 549 260 595; x_wconf 55' lang='lat' dir='ltr'><strong>laum</strong></span> <span class='ocrx_word' id='word_1_60' title='bbox 277 559 411 598; x_wconf 65' lang='lat' dir='ltr'><strong>nuptae</strong></span> <span class='ocrx_word' id='word_1_61' title='bbox 429 547 641 587; x_wconf 80' lang='lat' dir='ltr'><strong>Francisco</strong></span> <span class='ocrx_word' id='word_1_62' title='bbox 658 548 754 586; x_wconf 81' lang='lat' dir='ltr'><strong>Paci</strong></span> <span class='ocrx_word' id='word_1_63' title='bbox 775 547 909 587; x_wconf 84' lang='lat' dir='ltr'><strong>AEfino</strong></span> <span class='ocrx_word' id='word_1_64' title='bbox 928 549 1110 588; x_wconf 86' lang='lat' dir='ltr'><strong>sororum</strong></span> <span class='ocrx_word' id='word_1_65' title='bbox 1130 578 1140 588; x_wconf 92' lang='lat'><em>.</em></span> <span class='ocrx_word' id='word_1_66' title='bbox 1160 551 1375 590; x_wconf 86' lang='lat' dir='ltr'><strong>Substituit</strong></span> <span class='ocrx_word' id='word_1_67' title='bbox 1396 551 1471 590; x_wconf 85' lang='lat' dir='ltr'><strong>de-</strong></span> 
     </span>
     <span class='ocr_line' id='line_1_10' title="bbox 131 599 1472 650; baseline -0.001 -7"><span class='ocrx_word' id='word_1_68' title='bbox 131 604 374 644; x_wconf 84' lang='lat' dir='ltr'><strong>scendentes</strong></span> <span class='ocrx_word' id='word_1_69' title='bbox 389 612 436 640; x_wconf 84' lang='lat' dir='ltr'><strong>ex</strong></span> <span class='ocrx_word' id='word_1_70' title='bbox 457 599 638 640; x_wconf 82' lang='lat' dir='ltr'><strong>foeminis</strong></span> <span class='ocrx_word' id='word_1_71' title='bbox 655 613 671 640; x_wconf 74' lang='lat'><strong>2·</strong></span> <span class='ocrx_word' id='word_1_72' title='bbox 690 600 832 650; x_wconf 78' lang='lat' dir='ltr'><strong>iisque</strong></span> <span class='ocrx_word' id='word_1_73' title='bbox 849 600 1023 640; x_wconf 63' lang='lat' dir='ltr'><strong>defectis</strong></span> <span class='ocrx_word' id='word_1_74' title='bbox 1043 602 1234 648; x_wconf 85' lang='lat' dir='ltr'><strong>omnibus</strong></span> <span class='ocrx_word' id='word_1_75' title='bbox 1251 627 1263 645; x_wconf 91' lang='lat'><strong>‚</strong></span> <span class='ocrx_word' id='word_1_76' title='bbox 1279 616 1406 641; x_wconf 88' lang='lat' dir='ltr'><strong>unum</strong></span> <span class='ocrx_word' id='word_1_77' title='bbox 1424 614 1472 643; x_wconf 88' lang='lat' dir='ltr'><strong>ex</strong></span> 
     </span>
     <span class='ocr_line' id='line_1_11' title="bbox 133 652 1470 704; baseline -0.002 -9"><span class='ocrx_word' id='word_1_78' title='bbox 133 655 352 695; x_wconf 83' lang='lat' dir='ltr'><strong>nobilitate</strong></span> <span class='ocrx_word' id='word_1_79' title='bbox 370 653 601 692; x_wconf 85' lang='lat' dir='ltr'><strong>Auximana</strong></span> <span class='ocrx_word' id='word_1_80' title='bbox 620 652 805 704; x_wconf 87' lang='lat' dir='ltr'><strong>qualibet</strong></span> <span class='ocrx_word' id='word_1_81' title='bbox 821 652 915 692; x_wconf 84' lang='lat' dir='ltr'><strong>vice</strong></span> <span class='ocrx_word' id='word_1_82' title='bbox 931 654 979 692; x_wconf 85' lang='lat' dir='ltr'><strong>ab</strong></span> <span class='ocrx_word' id='word_1_83' title='bbox 992 653 1192 703; x_wconf 80' lang='lat' dir='ltr'><strong>Episcopo</strong></span> <span class='ocrx_word' id='word_1_84' title='bbox 1211 655 1470 704; x_wconf 86' lang='lat' dir='ltr'><strong>eligendum.</strong></span> 
     </span>
     <span class='ocr_line' id='line_1_12' title="bbox 82 704 1477 754; baseline -0.004 -5"><span class='ocrx_word' id='word_1_85' title='bbox 82 711 204 751; x_wconf 86' lang='lat' dir='ltr'><strong>Auno</strong></span> <span class='ocrx_word' id='word_1_86' title='bbox 223 720 337 754; x_wconf 52' lang='lat'>1757*</span> <span class='ocrx_word' id='word_1_87' title='bbox 365 718 462 745; x_wconf 89' lang='lat' dir='ltr'><strong>cum</strong></span> <span class='ocrx_word' id='word_1_88' title='bbox 483 705 640 744; x_wconf 83' lang='lat' dir='ltr'><strong>reditus</strong></span> <span class='ocrx_word' id='word_1_89' title='bbox 658 704 911 745; x_wconf 63' lang='lat' dir='ltr'><strong>haereditarii</strong></span> <span class='ocrx_word' id='word_1_90' title='bbox 928 705 980 745; x_wconf 91' lang='lat' dir='ltr'><strong>ad</strong></span> <span class='ocrx_word' id='word_1_91' title='bbox 994 707 1108 747; x_wconf 88' lang='lat' dir='ltr'><strong>scuta</strong></span> <span class='ocrx_word' id='word_1_92' title='bbox 1128 712 1316 749; x_wconf 83' lang='lat' dir='ltr'><strong>362.anu.</strong></span> <span class='ocrx_word' id='word_1_93' title='bbox 1339 707 1477 749; x_wconf 82' lang='lat' dir='ltr'><strong>ascen-</strong></span> 
     </span>
     <span class='ocr_line' id='line_1_13' title="bbox 133 758 1477 809; baseline -0.002 -8"><span class='ocrx_word' id='word_1_94' title='bbox 133 764 279 801; x_wconf 91' lang='lat' dir='ltr'><strong>derent</strong></span> <span class='ocrx_word' id='word_1_95' title='bbox 296 786 308 804; x_wconf 90' lang='lat'>,</span> <span class='ocrx_word' id='word_1_96' title='bbox 328 759 507 807; x_wconf 78' lang='lat' dir='ltr'><strong>Theresta,</strong></span> <span class='ocrx_word' id='word_1_97' title='bbox 526 759 563 797; x_wconf 74' lang='lat' dir='ltr'><strong>Sc</strong></span> <span class='ocrx_word' id='word_1_98' title='bbox 588 758 711 796; x_wconf 76' lang='lat' dir='ltr'><strong>Laura</strong></span> <span class='ocrx_word' id='word_1_99' title='bbox 731 758 1126 807; x_wconf 83' lang='lat' dir='ltr'><strong>sorores‚propterea</strong></span> <span class='ocrx_word' id='word_1_100' title='bbox 1147 759 1255 809; x_wconf 90' lang='lat' dir='ltr'><strong>quod</strong></span> <span class='ocrx_word' id='word_1_101' title='bbox 1273 759 1477 798; x_wconf 75' lang='lat' dir='ltr'><strong>existima-</strong></span> 
     </span>
     <span class='ocr_line' id='line_1_14' title="bbox 133 808 1476 859; baseline -0.003 -6"><span class='ocrx_word' id='word_1_102' title='bbox 133 816 230 854; x_wconf 89' lang='lat' dir='ltr'><strong>bant</strong></span> <span class='ocrx_word' id='word_1_103' title='bbox 264 812 385 850; x_wconf 82' lang='lat' dir='ltr'><strong>nimis</strong></span> <span class='ocrx_word' id='word_1_104' title='bbox 404 812 570 859; x_wconf 85' lang='lat' dir='ltr'><strong>longam</strong></span> <span class='ocrx_word' id='word_1_105' title='bbox 589 808 665 849; x_wconf 79' lang='lat' dir='ltr'><strong>effe</strong></span> <span class='ocrx_word' id='word_1_106' title='bbox 684 811 1018 859; x_wconf 63' lang='lat' dir='ltr'><strong>expectationem</strong></span> <span class='ocrx_word' id='word_1_107' title='bbox 1033 810 1148 850; x_wconf 82' lang='lat' dir='ltr'><strong>fundi</strong></span> <span class='ocrx_word' id='word_1_108' title='bbox 1163 824 1211 851; x_wconf 90' lang='lat' dir='ltr'><strong>ex</strong></span> <span class='ocrx_word' id='word_1_109' title='bbox 1228 813 1476 851; x_wconf 82' lang='lat' dir='ltr'><strong>testamento</strong></span> 
     </span>
     <span class='ocr_line' id='line_1_15' title="bbox 137 862 1477 912; baseline -0.004 -6"><span class='ocrx_word' id='word_1_110' title='bbox 137 864 409 906; x_wconf 86' lang='lat' dir='ltr'><strong>constituendi</strong></span> <span class='ocrx_word' id='word_1_111' title='bbox 430 890 441 908; x_wconf 89' lang='lat'>,</span> <span class='ocrx_word' id='word_1_112' title='bbox 475 862 754 912; x_wconf 76' lang='lat' dir='ltr'><strong>supplicarunt</strong></span> <span class='ocrx_word' id='word_1_113' title='bbox 774 862 1162 903; x_wconf 87' lang='lat' dir='ltr'>SANCTISSIMO</span> <span class='ocrx_word' id='word_1_114' title='bbox 1181 891 1193 910; x_wconf 89' lang='lat'>,</span> <span class='ocrx_word' id='word_1_115' title='bbox 1213 873 1258 905; x_wconf 89' lang='lat' dir='ltr'><strong>ut</strong></span> <span class='ocrx_word' id='word_1_116' title='bbox 1286 865 1477 904; x_wconf 83' lang='lat' dir='ltr'><strong>voluntas</strong></span> 
     </span>
     <span class='ocr_line' id='line_1_16' title="bbox 137 915 1479 972; baseline -0.004 -13"><span class='ocrx_word' id='word_1_117' title='bbox 137 917 344 960; x_wconf 84' lang='lat' dir='ltr'><strong>testatoris</strong></span> <span class='ocrx_word' id='word_1_118' title='bbox 364 916 516 954; x_wconf 89' lang='lat' dir='ltr'><strong>induas</strong></span> <span class='ocrx_word' id='word_1_119' title='bbox 538 915 787 963; x_wconf 80' lang='lat' dir='ltr'><strong>capellanias</strong></span> <span class='ocrx_word' id='word_1_120' title='bbox 807 925 1026 972; x_wconf 63' lang='lat' dir='ltr'><strong>perpetuas</strong></span> <span class='ocrx_word' id='word_1_121' title='bbox 1043 917 1212 959; x_wconf 84' lang='lat' dir='ltr'><strong>laicales</strong></span> <span class='ocrx_word' id='word_1_122' title='bbox 1243 925 1479 956; x_wconf 86' lang='lat' dir='ltr'><strong>commuta-</strong></span> 
     </span>
     <span class='ocr_line' id='line_1_17' title="bbox 138 968 1478 1017; baseline -0.004 -6"><span class='ocrx_word' id='word_1_123' title='bbox 138 980 273 1014; x_wconf 81' lang='lat' dir='ltr'><strong>retur,</strong></span> <span class='ocrx_word' id='word_1_124' title='bbox 287 981 382 1008; x_wconf 93' lang='lat' dir='ltr'><strong>cum</strong></span> <span class='ocrx_word' id='word_1_125' title='bbox 399 977 515 1008; x_wconf 83' lang='lat' dir='ltr'><strong>certo</strong></span> <span class='ocrx_word' id='word_1_126' title='bbox 531 968 734 1007; x_wconf 84' lang='lat' dir='ltr'><strong>sacrorum</strong></span> <span class='ocrx_word' id='word_1_127' title='bbox 751 979 922 1008; x_wconf 89' lang='lat' dir='ltr'><strong>numero</strong></span> <span class='ocrx_word' id='word_1_128' title='bbox 937 994 949 1014; x_wconf 86' lang='lat'>‚</span> <span class='ocrx_word' id='word_1_129' title='bbox 965 969 1003 1008; x_wconf 70' lang='lat' dir='ltr'><strong>Sc</strong></span> <span class='ocrx_word' id='word_1_130' title='bbox 1022 981 1111 1008; x_wconf 90' lang='lat' dir='ltr'><strong>cum</strong></span> <span class='ocrx_word' id='word_1_131' title='bbox 1131 970 1280 1008; x_wconf 88' lang='lat' dir='ltr'><strong>eodem</strong></span> <span class='ocrx_word' id='word_1_132' title='bbox 1297 970 1387 1015; x_wconf 84' lang='lat' dir='ltr'><strong>jure</strong></span> <span class='ocrx_word' id='word_1_133' title='bbox 1405 981 1478 1017; x_wconf 88' lang='lat' dir='ltr'><strong>pro</strong></span> 
     </span>
    </p>
   </div>
   <div class='ocr_carea' id='block_1_5' title="bbox 140 1020 1519 1071">
    <p class='ocr_par' dir='ltr' id='par_1_5' title="bbox 140 1020 1519 1071">
     <span class='ocr_line' id='line_1_18' title="bbox 140 1020 1519 1071; baseline -0.004 -8"><span class='ocrx_word' id='word_1_134' title='bbox 140 1021 481 1063; x_wconf 83' lang='lat' dir='ltr'><strong>descendentibus</strong></span> <span class='ocrx_word' id='word_1_135' title='bbox 502 1044 514 1063; x_wconf 91' lang='lat'>‚</span> <span class='ocrx_word' id='word_1_136' title='bbox 545 1021 583 1059; x_wconf 73' lang='lat' dir='ltr'><strong>Sc</strong></span> <span class='ocrx_word' id='word_1_137' title='bbox 600 1020 824 1059; x_wconf 86' lang='lat' dir='ltr'><strong>substitutis</strong></span> <span class='ocrx_word' id='word_1_138' title='bbox 845 1046 857 1065; x_wconf 88' lang='lat'>‚</span> <span class='ocrx_word' id='word_1_139' title='bbox 892 1020 1000 1071; x_wconf 89' lang='lat' dir='ltr'><strong>quod</strong></span> <span class='ocrx_word' id='word_1_140' title='bbox 1023 1031 1109 1060; x_wconf 87' lang='lat' dir='ltr'><strong>erat</strong></span> <span class='ocrx_word' id='word_1_141' title='bbox 1127 1022 1405 1071; x_wconf 77' lang='lat' dir='ltr'><strong>conscriptum</strong></span> <span class='ocrx_word' id='word_1_142' title='bbox 1439 1022 1479 1059; x_wconf 92' lang='lat' dir='ltr'><strong>in</strong></span> <span class='ocrx_word' id='word_1_143' title='bbox 1516 1022 1519 1024; x_wconf 74' lang='grc'>’</span> 
     </span>
    </p>
   </div>
   <div class='ocr_carea' id='block_1_6' title="bbox 98 1072 1494 2743">
    <p class='ocr_par' dir='ltr' id='par_1_6' title="bbox 141 1072 1484 1586">
     <span class='ocr_line' id='line_1_19' title="bbox 143 1072 1480 1122; baseline -0.003 -6"><span class='ocrx_word' id='word_1_144' title='bbox 143 1077 390 1116; x_wconf 80' lang='lat' dir='ltr'><strong>testamento</strong></span> <span class='ocrx_word' id='word_1_145' title='bbox 411 1103 420 1115; x_wconf 86' lang='lat'><em>,</em></span> <span class='ocrx_word' id='word_1_146' title='bbox 456 1072 636 1121; x_wconf 87' lang='lat' dir='ltr'><strong>Negocii</strong></span> <span class='ocrx_word' id='word_1_147' title='bbox 661 1072 900 1122; x_wconf 85' lang='lat' dir='ltr'><strong>cognitione</strong></span> <span class='ocrx_word' id='word_1_148' title='bbox 928 1073 978 1111; x_wconf 88' lang='lat' dir='ltr'><strong>ad</strong></span> <span class='ocrx_word' id='word_1_149' title='bbox 993 1076 1096 1112; x_wconf 87' lang='lat' dir='ltr'><strong>hanc</strong></span> <span class='ocrx_word' id='word_1_150' title='bbox 1113 1074 1277 1113; x_wconf 86' lang='lat' dir='ltr'><strong>Sacram</strong></span> <span class='ocrx_word' id='word_1_151' title='bbox 1296 1073 1480 1122; x_wconf 84' lang='lat' dir='ltr'><strong>Congre-</strong></span> 
     </span>
     <span class='ocr_line' id='line_1_20' title="bbox 142 1124 1482 1179; baseline -0.003 -12"><span class='ocrx_word' id='word_1_152' title='bbox 142 1128 354 1179; x_wconf 87' lang='lat' dir='ltr'><strong>gationem</strong></span> <span class='ocrx_word' id='word_1_153' title='bbox 371 1126 509 1164; x_wconf 84' lang='lat' dir='ltr'><strong>delata</strong></span> <span class='ocrx_word' id='word_1_154' title='bbox 524 1149 537 1169; x_wconf 83' lang='lat'>,</span> <span class='ocrx_word' id='word_1_155' title='bbox 553 1132 689 1172; x_wconf 88' lang='lat' dir='ltr'><strong>partes</strong></span> <span class='ocrx_word' id='word_1_156' title='bbox 706 1124 967 1169; x_wconf 85' lang='lat' dir='ltr'><strong>addiderunt,</strong></span> <span class='ocrx_word' id='word_1_157' title='bbox 983 1126 1008 1163; x_wconf 84' lang='lat' dir='ltr'>fi</span> <span class='ocrx_word' id='word_1_158' title='bbox 1026 1126 1082 1171; x_wconf 90' lang='lat' dir='ltr'><strong>id,</strong></span> <span class='ocrx_word' id='word_1_159' title='bbox 1099 1127 1207 1176; x_wconf 91' lang='lat' dir='ltr'><strong>quod</strong></span> <span class='ocrx_word' id='word_1_160' title='bbox 1225 1135 1349 1165; x_wconf 87' lang='lat' dir='ltr'><strong>antea</strong></span> <span class='ocrx_word' id='word_1_161' title='bbox 1369 1126 1482 1174; x_wconf 82' lang='lat' dir='ltr'><strong>peti-</strong></span> 
     </span>
     <span class='ocr_line' id='line_1_21' title="bbox 144 1177 1481 1228; baseline -0.001 -11"><span class='ocrx_word' id='word_1_162' title='bbox 144 1177 544 1226; x_wconf 57' lang='lat' dir='ltr'><strong>tum1fueranminus</strong></span> <span class='ocrx_word' id='word_1_163' title='bbox 559 1178 814 1223; x_wconf 78' lang='lat' dir='ltr'><strong>placeret‚ut</strong></span> <span class='ocrx_word' id='word_1_164' title='bbox 831 1177 976 1216; x_wconf 88' lang='lat' dir='ltr'><strong>saltem</strong></span> <span class='ocrx_word' id='word_1_165' title='bbox 995 1178 1250 1228; x_wconf 79' lang='lat' dir='ltr'><strong>duosulfidia</strong></span> <span class='ocrx_word' id='word_1_166' title='bbox 1263 1190 1334 1227; x_wconf 84' lang='lat' dir='ltr'><strong>pro</strong></span> <span class='ocrx_word' id='word_1_167' title='bbox 1351 1178 1481 1217; x_wconf 87' lang='lat' dir='ltr'><strong>studio</strong></span> 
     </span>
     <span class='ocr_line' id='line_1_22' title="bbox 142 1227 1481 1277; baseline -0.001 -6"><span class='ocrx_word' id='word_1_168' title='bbox 142 1231 411 1277; x_wconf 72' lang='lat' dir='ltr'><strong>scientiarum</strong></span> <span class='ocrx_word' id='word_1_169' title='bbox 446 1229 486 1267; x_wconf 86' lang='lat' dir='ltr'><strong>in</strong></span> <span class='ocrx_word' id='word_1_170' title='bbox 504 1227 612 1269; x_wconf 86' lang='lat' dir='ltr'><strong>Urbe</strong></span> <span class='ocrx_word' id='word_1_171' title='bbox 636 1230 982 1270; x_wconf 81' lang='lat' dir='ltr'><strong>constitue-rentur</strong></span> <span class='ocrx_word' id='word_1_172' title='bbox 1017 1230 1158 1270; x_wconf 86' lang='lat' dir='ltr'><strong>favore</strong></span> <span class='ocrx_word' id='word_1_173' title='bbox 1191 1229 1438 1272; x_wconf 58' lang='lat' dir='ltr'><strong>&lt;locatorum</strong></span> <span class='ocrx_word' id='word_1_174' title='bbox 1467 1243 1481 1269; x_wconf 82' lang='lat'><strong>‚·</strong></span> 
     </span>
     <span class='ocr_line' id='line_1_23' title="bbox 143 1279 1483 1335; baseline -0.003 -11"><span class='ocrx_word' id='word_1_175' title='bbox 143 1284 253 1335; x_wconf 88' lang='lat' dir='ltr'><strong>quod</strong></span> <span class='ocrx_word' id='word_1_176' title='bbox 268 1282 401 1324; x_wconf 86' lang='lat' dir='ltr'><strong>videri</strong></span> <span class='ocrx_word' id='word_1_177' title='bbox 419 1279 581 1320; x_wconf 70' lang='lat' dir='ltr'><strong>fortasse</strong></span> <span class='ocrx_word' id='word_1_178' title='bbox 601 1290 764 1329; x_wconf 90' lang='lat' dir='ltr'><strong>poterat</strong></span> <span class='ocrx_word' id='word_1_179' title='bbox 782 1283 910 1331; x_wconf 83' lang='lat' dir='ltr'><strong>magis</strong></span> <span class='ocrx_word' id='word_1_180' title='bbox 929 1284 1250 1323; x_wconf 89' lang='lat' dir='ltr'><strong>consentaneum</strong></span> <span class='ocrx_word' id='word_1_181' title='bbox 1269 1282 1483 1323; x_wconf 75' lang='lat' dir='ltr'><strong>voluntati</strong></span> 
     </span>
     <span class='ocr_line' id='line_1_24' title="bbox 141 1333 1482 1389; baseline -0.002 -14"><span class='ocrx_word' id='word_1_182' title='bbox 141 1334 350 1378; x_wconf 82' lang='lat' dir='ltr'><strong>testatoris</strong></span> <span class='ocrx_word' id='word_1_183' title='bbox 362 1347 391 1373; x_wconf 87' lang='lat'><strong>‚·-</strong></span> <span class='ocrx_word' id='word_1_184' title='bbox 407 1334 477 1384; x_wconf 88' lang='lat' dir='ltr'><strong>qui</strong></span> <span class='ocrx_word' id='word_1_185' title='bbox 494 1358 507 1376; x_wconf 82' lang='lat'><em>‚</em></span> <span class='ocrx_word' id='word_1_186' title='bbox 524 1333 715 1389; x_wconf 84' lang='lat' dir='ltr'><strong>casuquo</strong></span> <span class='ocrx_word' id='word_1_187' title='bbox 730 1346 850 1374; x_wconf 90' lang='lat' dir='ltr'><strong>nemo</strong></span> <span class='ocrx_word' id='word_1_188' title='bbox 872 1334 1023 1375; x_wconf 71' lang='lat' dir='ltr'><strong>&#39;adesset</strong></span> <span class='ocrx_word' id='word_1_189' title='bbox 1041 1338 1091 1374; x_wconf 89' lang='lat' dir='ltr'><strong>ob</strong></span> <span class='ocrx_word' id='word_1_190' title='bbox 1108 1345 1275 1375; x_wconf 76' lang='lat' dir='ltr'><strong>aetatem</strong></span> <span class='ocrx_word' id='word_1_191' title='bbox 1296 1344 1413 1382; x_wconf 84' lang='lat' dir='ltr'><strong>aptus</strong></span> <span class='ocrx_word' id='word_1_192' title='bbox 1429 1333 1482 1373; x_wconf 86' lang='lat' dir='ltr'><strong>ad</strong></span> 
     </span>
     <span class='ocr_line' id='line_1_25' title="bbox 141 1385 1479 1440; baseline -0.003 -12"><span class='ocrx_word' id='word_1_193' title='bbox 141 1389 376 1440; x_wconf 76' lang='lat' dir='ltr'><strong>pra-laturam</strong></span> <span class='ocrx_word' id='word_1_194' title='bbox 392 1411 404 1431; x_wconf 89' lang='lat'><strong>‚</strong></span> <span class='ocrx_word' id='word_1_195' title='bbox 420 1385 587 1431; x_wconf 82' lang='lat' dir='ltr'><strong>juveni,</strong></span> <span class='ocrx_word' id='word_1_196' title='bbox 619 1398 701 1435; x_wconf 81' lang='lat' dir='ltr'><strong>qui·</strong></span> <span class='ocrx_word' id='word_1_197' title='bbox 716 1387 828 1424; x_wconf 84' lang='lat' dir='ltr'><strong>illam</strong></span> <span class='ocrx_word' id='word_1_198' title='bbox 845 1389 1038 1437; x_wconf 86' lang='lat' dir='ltr'><strong>consequi</strong></span> <span class='ocrx_word' id='word_1_199' title='bbox 1050 1388 1243 1431; x_wconf 77' lang='lat' dir='ltr'><strong>deberet,</strong></span> <span class='ocrx_word' id='word_1_200' title='bbox 1260 1388 1372 1425; x_wconf 83' lang='lat' dir='ltr'><strong>scuta</strong></span> <span class='ocrx_word' id='word_1_201' title='bbox 1388 1401 1479 1424; x_wconf 85' lang='lat'>200.</span> 
     </span>
     <span class='ocr_line' id='line_1_26' title="bbox 145 1437 1484 1488; baseline -0.002 -8"><span class='ocrx_word' id='word_1_202' title='bbox 145 1453 279 1481; x_wconf 84' lang='lat' dir='ltr'><strong>annua</strong></span> <span class='ocrx_word' id='word_1_203' title='bbox 305 1466 320 1485; x_wconf 90' lang='lat'>,</span> <span class='ocrx_word' id='word_1_204' title='bbox 360 1448 406 1477; x_wconf 91' lang='lat' dir='ltr'><strong>ut</strong></span> <span class='ocrx_word' id='word_1_205' title='bbox 447 1437 616 1477; x_wconf 85' lang='lat' dir='ltr'><strong>interim</strong></span> <span class='ocrx_word' id='word_1_206' title='bbox 659 1437 707 1475; x_wconf 89' lang='lat' dir='ltr'><strong>ad</strong></span> <span class='ocrx_word' id='word_1_207' title='bbox 738 1438 864 1476; x_wconf 87' lang='lat' dir='ltr'><strong>studia</strong></span> <span class='ocrx_word' id='word_1_208' title='bbox 913 1439 1168 1479; x_wconf 88' lang='lat' dir='ltr'><strong>incumberet</strong></span> <span class='ocrx_word' id='word_1_209' title='bbox 1207 1439 1382 1488; x_wconf 84' lang='lat' dir='ltr'><strong>praestari</strong></span> <span class='ocrx_word' id='word_1_210' title='bbox 1409 1452 1484 1477; x_wconf 90' lang='lat' dir='ltr'><strong>vo-</strong></span> 
     </span>
     <span class='ocr_line' id='line_1_27' title="bbox 146 1490 1481 1542; baseline -0.001 -10"><span class='ocrx_word' id='word_1_211' title='bbox 146 1494 232 1532; x_wconf 78' lang='lat' dir='ltr'><strong>luit</strong></span> <span class='ocrx_word' id='word_1_212' title='bbox 250 1522 260 1533; x_wconf 91' lang='lat'>.</span> <span class='ocrx_word' id='word_1_213' title='bbox 290 1490 403 1531; x_wconf 67' lang='lat' dir='ltr'><strong>Fasti</strong></span> <span class='ocrx_word' id='word_1_214' title='bbox 430 1491 586 1541; x_wconf 87' lang='lat' dir='ltr'><strong>species</strong></span> <span class='ocrx_word' id='word_1_215' title='bbox 621 1491 775 1536; x_wconf 63' lang='lat' dir='ltr'><strong>exlfolio</strong></span> <span class='ocrx_word' id='word_1_216' title='bbox 803 1492 880 1528; x_wconf 80' lang='lat' dir='ltr'><strong>diei</strong></span> <span class='ocrx_word' id='word_1_217' title='bbox 914 1505 974 1539; x_wconf 85' lang='lat'><strong>27.</strong></span> <span class='ocrx_word' id='word_1_218' title='bbox 997 1492 1109 1542; x_wconf 79' lang='lat' dir='ltr'><em>Junii</em></span> <span class='ocrx_word' id='word_1_219' title='bbox 1138 1496 1250 1538; x_wconf 87' lang='lat'><em>1761.</em></span> <span class='ocrx_word' id='word_1_220' title='bbox 1286 1499 1481 1541; x_wconf 83' lang='lat' dir='ltr'><strong>repeten-</strong></span> 
     </span>
     <span class='ocr_line' id='line_1_28' title="bbox 149 1547 1007 1586; baseline -0.002 -1"><span class='ocrx_word' id='word_1_221' title='bbox 149 1548 199 1585; x_wconf 90' lang='lat' dir='ltr'><strong>da</strong></span> <span class='ocrx_word' id='word_1_222' title='bbox 227 1547 281 1586; x_wconf 91' lang='lat' dir='ltr'><strong>est</strong></span> <span class='ocrx_word' id='word_1_223' title='bbox 298 1575 307 1584; x_wconf 93' lang='lat'>.</span> <span class='ocrx_word' id='word_1_224' title='bbox 1004 1551 1007 1553; x_wconf 65' lang='grc'><strong>“</strong></span> 
     </span>
    </p>

    <p class='ocr_par' dir='ltr' id='par_1_7' title="bbox 98 1594 1478 1647">
     <span class='ocr_line' id='line_1_29' title="bbox 98 1594 1478 1647; baseline -0.005 -8"><span class='ocrx_word' id='word_1_225' title='bbox 98 1601 219 1640; x_wconf 86' lang='lat' dir='ltr'><strong>Sacra</strong></span> <span class='ocrx_word' id='word_1_226' title='bbox 237 1595 516 1647; x_wconf 83' lang='lat' dir='ltr'><strong>Congregatio</strong></span> <span class='ocrx_word' id='word_1_227' title='bbox 534 1594 601 1634; x_wconf 90' lang='lat' dir='ltr'><strong>die</strong></span> <span class='ocrx_word' id='word_1_228' title='bbox 627 1595 794 1645; x_wconf 75' lang='lat' dir='ltr'><strong>18.Julii</strong></span> <span class='ocrx_word' id='word_1_229' title='bbox 809 1596 990 1642; x_wconf 81' lang='lat' dir='ltr'><strong>ejusdem</strong></span> <span class='ocrx_word' id='word_1_230' title='bbox 1007 1598 1100 1635; x_wconf 84' lang='lat' dir='ltr'><strong>anni</strong></span> <span class='ocrx_word' id='word_1_231' title='bbox 1134 1597 1336 1644; x_wconf 82' lang='lat' dir='ltr'><strong>proposito</strong></span> <span class='ocrx_word' id='word_1_232' title='bbox 1352 1595 1478 1635; x_wconf 83' lang='lat' dir='ltr'><strong>dubio</strong></span> 
     </span>
    </p>

    <p class='ocr_par' dir='ltr' id='par_1_8' title="bbox 143 1648 1494 2369">
     <span class='ocr_line' id='line_1_30' title="bbox 145 1648 1479 1701; baseline -0.004 -12"><span class='ocrx_word' id='word_1_233' title='bbox 145 1651 271 1701; x_wconf 75' lang='lat' dir='ltr'><strong>Anfit</strong></span> <span class='ocrx_word' id='word_1_234' title='bbox 285 1651 378 1688; x_wconf 81' lang='lat' dir='ltr'><strong>locus</strong></span> <span class='ocrx_word' id='word_1_235' title='bbox 399 1652 666 1688; x_wconf 78' lang='lat' dir='ltr'><strong>commutationi</strong></span> <span class='ocrx_word' id='word_1_236' title='bbox 692 1649 827 1687; x_wconf 80' lang='lat' dir='ltr'><em>ultimae</em></span> <span class='ocrx_word' id='word_1_237' title='bbox 847 1649 1044 1687; x_wconf 74' lang='lat' dir='ltr'><strong>voluntatis</strong></span> <span class='ocrx_word' id='word_1_238' title='bbox 1063 1648 1250 1698; x_wconf 76' lang='lat' dir='ltr'><strong>Franczsci</strong></span> <span class='ocrx_word' id='word_1_239' title='bbox 1264 1651 1479 1692; x_wconf 84' lang='lat' dir='ltr'><strong>Corradini‚</strong></span> 
     </span>
     <span class='ocr_line' id='line_1_31' title="bbox 148 1700 1478 1752; baseline -0.002 -12"><span class='ocrx_word' id='word_1_240' title='bbox 148 1706 195 1749; x_wconf 70' lang='lat'><strong>&amp;⁴</strong></span> <span class='ocrx_word' id='word_1_241' title='bbox 207 1703 377 1752; x_wconf 76' lang='lat' dir='ltr'><strong>quomodo</strong></span> <span class='ocrx_word' id='word_1_242' title='bbox 391 1706 430 1739; x_wconf 78' lang='lat' dir='ltr'><strong>in</strong></span> <span class='ocrx_word' id='word_1_243' title='bbox 447 1703 531 1750; x_wconf 74' lang='lat' dir='ltr'><strong>casu</strong></span> <span class='ocrx_word' id='word_1_244' title='bbox 544 1727 555 1745; x_wconf 91' lang='lat'>‚</span> <span class='ocrx_word' id='word_1_245' title='bbox 577 1701 785 1748; x_wconf 79' lang='lat' dir='ltr'><strong>respond-it</strong></span> <span class='ocrx_word' id='word_1_246' title='bbox 803 1707 977 1749; x_wconf 82' lang='lat' dir='ltr'><strong>negative</strong></span> <span class='ocrx_word' id='word_1_247' title='bbox 993 1731 1002 1741; x_wconf 89' lang='lat'>.</span> <span class='ocrx_word' id='word_1_248' title='bbox 1036 1701 1196 1740; x_wconf 89' lang='lat' dir='ltr'><strong>Iterum</strong></span> <span class='ocrx_word' id='word_1_249' title='bbox 1215 1700 1340 1742; x_wconf 87' lang='lat' dir='ltr'><strong>rediit</strong></span> <span class='ocrx_word' id='word_1_250' title='bbox 1359 1702 1478 1742; x_wconf 86' lang='lat' dir='ltr'><strong>causa</strong></span> 
     </span>
     <span class='ocr_line' id='line_1_32' title="bbox 155 1752 1480 1805; baseline -0.005 -10"><span class='ocrx_word' id='word_1_251' title='bbox 155 1754 338 1805; x_wconf 72' lang='lat' dir='ltr'><strong>12.Junii</strong></span> <span class='ocrx_word' id='word_1_252' title='bbox 359 1759 470 1800; x_wconf 88' lang='lat'>1762.</span> <span class='ocrx_word' id='word_1_253' title='bbox 502 1754 571 1791; x_wconf 89' lang='lat' dir='ltr'><strong>sub</strong></span> <span class='ocrx_word' id='word_1_254' title='bbox 615 1752 740 1792; x_wconf 90' lang='lat' dir='ltr'><strong>dubio</strong></span> <span class='ocrx_word' id='word_1_255' title='bbox 766 1755 871 1804; x_wconf 81' lang='lat' dir='ltr'><strong>anstt</strong></span> <span class='ocrx_word' id='word_1_256' title='bbox 888 1755 1060 1801; x_wconf 76' lang='lat' dir='ltr'><strong>standum</strong></span> <span class='ocrx_word' id='word_1_257' title='bbox 1076 1779 1088 1798; x_wconf 88' lang='lat'>‚</span> <span class='ocrx_word' id='word_1_258' title='bbox 1118 1753 1180 1792; x_wconf 87' lang='lat' dir='ltr'><strong>vel</strong></span> <span class='ocrx_word' id='word_1_259' title='bbox 1210 1755 1480 1794; x_wconf 69' lang='lat' dir='ltr'><strong>recedendum..</strong></span> 
     </span>
     <span class='ocr_line' id='line_1_33' title="bbox 151 1806 1480 1857; baseline -0.004 -10"><span class='ocrx_word' id='word_1_260' title='bbox 151 1823 173 1847; x_wconf 87' lang='lat' dir='ltr'><strong>a</strong></span> <span class='ocrx_word' id='word_1_261' title='bbox 185 1809 308 1856; x_wconf 79' lang='lat' dir='ltr'><strong>decisis</strong></span> <span class='ocrx_word' id='word_1_262' title='bbox 327 1833 339 1853; x_wconf 89' lang='lat'>,</span> <span class='ocrx_word' id='word_1_263' title='bbox 358 1810 402 1850; x_wconf 53' lang='grc' dir='ltr'><strong>(ἶς’</strong></span> <span class='ocrx_word' id='word_1_264' title='bbox 418 1806 822 1857; x_wconf 63' lang='lat' dir='ltr'><strong>quatenus-affirmative</strong></span> <span class='ocrx_word' id='word_1_265' title='bbox 840 1809 888 1845; x_wconf 85' lang='lat' dir='ltr'><strong>ad</strong></span> <span class='ocrx_word' id='word_1_266' title='bbox 893 1808 1094 1855; x_wconf 58' lang='lat' dir='ltr'><strong>secundam</strong></span> <span class='ocrx_word' id='word_1_267' title='bbox 1105 1816 1250 1856; x_wconf 81' lang='lat' dir='ltr'><strong>partem</strong></span> <span class='ocrx_word' id='word_1_268' title='bbox 1269 1834 1280 1852; x_wconf 94' lang='lat'>,</span> <span class='ocrx_word' id='word_1_269' title='bbox 1311 1807 1480 1855; x_wconf 83' lang='lat' dir='ltr'><strong>quomodo</strong></span> 
     </span>
     <span class='ocr_line' id='line_1_34' title="bbox 143 1857 1482 1913; baseline -0.004 -14"><span class='ocrx_word' id='word_1_270' title='bbox 143 1862 195 1913; x_wconf 86' lang='lat' dir='ltr'><strong>fit</strong></span> <span class='ocrx_word' id='word_1_271' title='bbox 208 1860 305 1898; x_wconf 77' lang='lat' dir='ltr'><strong>locus</strong></span> <span class='ocrx_word' id='word_1_272' title='bbox 321 1861 591 1897; x_wconf 78' lang='lat' dir='ltr'><strong>commutationi</strong></span> <span class='ocrx_word' id='word_1_273' title='bbox 619 1857 758 1894; x_wconf 69' lang='lat' dir='ltr'><strong>ultima·</strong></span> <span class='ocrx_word' id='word_1_274' title='bbox 774 1859 979 1897; x_wconf 51' lang='lat' dir='ltr'><strong>voluntatis*</strong></span> <span class='ocrx_word' id='word_1_275' title='bbox 990 1860 1178 1907; x_wconf 78' lang='lat' dir='ltr'><strong>Francisci</strong></span> <span class='ocrx_word' id='word_1_276' title='bbox 1197 1862 1391 1901; x_wconf 77' lang='lat' dir='ltr'><strong>Corradini</strong></span> <span class='ocrx_word' id='word_1_277' title='bbox 1406 1883 1420 1901; x_wconf 86' lang='lat'>‚</span> <span class='ocrx_word' id='word_1_278' title='bbox 1444 1862 1482 1894; x_wconf 86' lang='lat' dir='ltr'><strong>in</strong></span> 
     </span>
     <span class='ocr_line' id='line_1_35' title="bbox 154 1909 1480 1961; baseline -0.003 -10"><span class='ocrx_word' id='word_1_279' title='bbox 154 1913 239 1960; x_wconf 86' lang='lat' dir='ltr'><strong>casu</strong></span> <span class='ocrx_word' id='word_1_280' title='bbox 267 1940 278 1950; x_wconf 84' lang='lat'>.</span> <span class='ocrx_word' id='word_1_281' title='bbox 309 1911 437 1949; x_wconf 31' lang='lat' dir='ltr'><strong>Sacra*</strong></span> <span class='ocrx_word' id='word_1_282' title='bbox 459 1909 738 1957; x_wconf 76' lang='lat' dir='ltr'><strong>congregatio</strong></span> <span class='ocrx_word' id='word_1_283' title='bbox 757 1909 930 1957; x_wconf 85' lang='lat' dir='ltr'><strong>primam</strong></span> <span class='ocrx_word' id='word_1_284' title='bbox 961 1912 1162 1958; x_wconf 84' lang='lat' dir='ltr'><strong>repulsam</strong></span> <span class='ocrx_word' id='word_1_285' title='bbox 1195 1912 1336 1961; x_wconf 86' lang='lat' dir='ltr'><strong>aliquo</strong></span> <span class='ocrx_word' id='word_1_286' title='bbox 1354 1909 1480 1949; x_wconf 88' lang='lat' dir='ltr'><strong>modo</strong></span> 
     </span>
     <span class='ocr_line' id='line_1_36' title="bbox 154 1961 1488 2013; baseline -0.005 -9"><span class='ocrx_word' id='word_1_287' title='bbox 154 1962 466 2013; x_wconf 82' lang='lat' dir='ltr'><strong>temperandam</strong></span> <span class='ocrx_word' id='word_1_288' title='bbox 481 1961 725 2000; x_wconf 81' lang='lat' dir='ltr'><strong>existimavit</strong></span> <span class='ocrx_word' id='word_1_289' title='bbox 740 1975 756 2001; x_wconf 73' lang='grc'><strong>,-</strong></span> <span class='ocrx_word' id='word_1_290' title='bbox 786 1961 945 2002; x_wconf 87' lang='lat' dir='ltr'><strong>scilicet</strong></span> <span class='ocrx_word' id='word_1_291' title='bbox 960 1988 972 2007; x_wconf 87' lang='lat'>‚</span> <span class='ocrx_word' id='word_1_292' title='bbox 990 1972 1034 2002; x_wconf 89' lang='lat' dir='ltr'><strong>ut</strong></span> <span class='ocrx_word' id='word_1_293' title='bbox 1052 1975 1099 2003; x_wconf 83' lang='lat' dir='ltr'><strong>ex</strong></span> <span class='ocrx_word' id='word_1_294' title='bbox 1116 1961 1312 2002; x_wconf 68' lang='lat' dir='ltr'><strong>frufflbus</strong></span> <span class='ocrx_word' id='word_1_295' title='bbox 1343 1962 1488 2000; x_wconf 56' lang='lat' dir='ltr'><strong>multi-2</strong></span> 
     </span>
     <span class='ocr_line' id='line_1_37' title="bbox 154 2013 1485 2067; baseline 0 -12"><span class='ocrx_word' id='word_1_296' title='bbox 154 2013 355 2067; x_wconf 79' lang='lat' dir='ltr'><strong>plicandis</strong></span> <span class='ocrx_word' id='word_1_297' title='bbox 370 2014 509 2064; x_wconf 84' lang='lat' dir='ltr'><strong>aliqua</strong></span> <span class='ocrx_word' id='word_1_298' title='bbox 524 2021 689 2058; x_wconf 84' lang='lat' dir='ltr'><strong>tantum</strong></span> <span class='ocrx_word' id='word_1_299' title='bbox 707 2025 794 2062; x_wconf 87' lang='lat' dir='ltr'><strong>pars</strong></span> <span class='ocrx_word' id='word_1_300' title='bbox 813 2024 929 2061; x_wconf 82' lang='lat' dir='ltr'><strong>certo</strong></span> <span class='ocrx_word' id='word_1_301' title='bbox 941 2025 1128 2064; x_wconf 87' lang='lat' dir='ltr'><strong>tempore</strong></span> <span class='ocrx_word' id='word_1_302' title='bbox 1142 2017 1310 2055; x_wconf 85' lang='lat' dir='ltr'><strong>daretur</strong></span> <span class='ocrx_word' id='word_1_303' title='bbox 1325 2014 1485 2060; x_wconf 77' lang='lat' dir='ltr'><strong>juveni,</strong></span> 
     </span>
     <span class='ocr_line' id='line_1_38' title="bbox 157 2064 1487 2119; baseline -0.004 -12"><span class='ocrx_word' id='word_1_304' title='bbox 157 2068 227 2119; x_wconf 84' lang='lat' dir='ltr'><strong>qui</strong></span> <span class='ocrx_word' id='word_1_305' title='bbox 241 2079 312 2116; x_wconf 89' lang='lat' dir='ltr'><strong>pro</strong></span> <span class='ocrx_word' id='word_1_306' title='bbox 323 2066 461 2105; x_wconf 85' lang='lat' dir='ltr'><strong>studiis</strong></span> <span class='ocrx_word' id='word_1_307' title='bbox 482 2066 521 2104; x_wconf 89' lang='lat' dir='ltr'><strong>in</strong></span> <span class='ocrx_word' id='word_1_308' title='bbox 540 2064 650 2104; x_wconf 89' lang='lat' dir='ltr'><strong>Urbe</strong></span> <span class='ocrx_word' id='word_1_309' title='bbox 669 2078 824 2104; x_wconf 86' lang='lat' dir='ltr'><strong>moram</strong></span> <span class='ocrx_word' id='word_1_310' title='bbox 846 2069 1032 2106; x_wconf 81' lang='lat' dir='ltr'><strong>traheret</strong></span> <span class='ocrx_word' id='word_1_311' title='bbox 1049 2091 1061 2110; x_wconf 84' lang='lat'><strong>‚</strong></span> <span class='ocrx_word' id='word_1_312' title='bbox 1088 2067 1209 2105; x_wconf 83' lang='lat' dir='ltr'><strong>salvis</strong></span> <span class='ocrx_word' id='word_1_313' title='bbox 1226 2067 1393 2115; x_wconf 88' lang='lat' dir='ltr'><strong>reliquis</strong></span> <span class='ocrx_word' id='word_1_314' title='bbox 1414 2078 1487 2113; x_wconf 90' lang='lat' dir='ltr'><strong>pro</strong></span> 
     </span>
     <span class='ocr_line' id='line_1_39' title="bbox 155 2117 1486 2172; baseline -0.004 -13"><span class='ocrx_word' id='word_1_315' title='bbox 155 2121 358 2172; x_wconf 77' lang='lat' dir='ltr'><strong>praelaturae</strong></span> <span class='ocrx_word' id='word_1_316' title='bbox 372 2117 499 2157; x_wconf 80' lang='lat' dir='ltr'><strong>fundo</strong></span> <span class='ocrx_word' id='word_1_317' title='bbox 523 2117 745 2157; x_wconf 84' lang='lat' dir='ltr'><strong>secuudum</strong></span> <span class='ocrx_word' id='word_1_318' title='bbox 762 2119 996 2158; x_wconf 88' lang='lat' dir='ltr'><strong>testamenti</strong></span> <span class='ocrx_word' id='word_1_319' title='bbox 1010 2119 1147 2168; x_wconf 83' lang='lat' dir='ltr'><strong>legem</strong></span> <span class='ocrx_word' id='word_1_320' title='bbox 1178 2117 1486 2164; x_wconf 81' lang='lat' dir='ltr'><strong>constituendo:</strong></span> 
     </span>
     <span class='ocr_line' id='line_1_40' title="bbox 160 2169 1494 2220; baseline -0.005 -7"><span class='ocrx_word' id='word_1_321' title='bbox 160 2171 469 2220; x_wconf 71' lang='lat' dir='ltr'><strong>ideossrescripfit</strong></span> <span class='ocrx_word' id='word_1_322' title='bbox 489 2196 500 2215; x_wconf 92' lang='lat'>‚</span> <span class='ocrx_word' id='word_1_323' title='bbox 529 2173 663 2219; x_wconf 72' lang='lat' dir='ltr'><strong>prxvio</strong></span> <span class='ocrx_word' id='word_1_324' title='bbox 681 2170 819 2218; x_wconf 84' lang='lat' dir='ltr'><strong>recessu</strong></span> <span class='ocrx_word' id='word_1_325' title='bbox 844 2185 866 2209; x_wconf 88' lang='lat' dir='ltr'><strong>a</strong></span> <span class='ocrx_word' id='word_1_326' title='bbox 891 2171 1015 2217; x_wconf 81' lang='lat' dir='ltr'><strong>decifis</strong></span> <span class='ocrx_word' id='word_1_327' title='bbox 1028 2172 1248 2220; x_wconf 78' lang='lat' dir='ltr'><strong>affirmative</strong></span> <span class='ocrx_word' id='word_1_328' title='bbox 1267 2169 1389 2220; x_wconf 78' lang='lat' dir='ltr'><strong>juxta</strong></span> <span class='ocrx_word' id='word_1_329' title='bbox 1420 2184 1494 2213; x_wconf 45' lang='lat' dir='ltr'><strong>mo«,</strong></span> 
     </span>
     <span class='ocr_line' id='line_1_41' title="bbox 162 2222 1491 2276; baseline -0.004 -13"><span class='ocrx_word' id='word_1_330' title='bbox 162 2228 249 2264; x_wconf 78' lang='lat' dir='ltr'><strong>dum</strong></span> <span class='ocrx_word' id='word_1_331' title='bbox 276 2236 286 2262; x_wconf 78' lang='lat' dir='ltr'><strong>t</strong></span> <span class='ocrx_word' id='word_1_332' title='bbox 328 2225 451 2261; x_wconf 84' lang='lat' dir='ltr'><strong>modus</strong></span> <span class='ocrx_word' id='word_1_333' title='bbox 479 2224 526 2273; x_wconf 90' lang='lat' dir='ltr'><strong>est</strong></span> <span class='ocrx_word' id='word_1_334' title='bbox 553 2247 565 2266; x_wconf 87' lang='lat'>‚</span> <span class='ocrx_word' id='word_1_335' title='bbox 599 2225 692 2272; x_wconf 83' lang='lat' dir='ltr'><strong>quod</strong></span> <span class='ocrx_word' id='word_1_336' title='bbox 713 2225 927 2272; x_wconf 63' lang='lat' dir='ltr'><strong>,affignentur</strong></span> <span class='ocrx_word' id='word_1_337' title='bbox 955 2237 1077 2262; x_wconf 80' lang='lat' dir='ltr'><strong>annua</strong></span> <span class='ocrx_word' id='word_1_338' title='bbox 1097 2225 1210 2273; x_wconf 77' lang='lat' dir='ltr'><strong>scuta</strong></span> <span class='ocrx_word' id='word_1_339' title='bbox 1244 2237 1331 2262; x_wconf 83' lang='lat'>120.</span> <span class='ocrx_word' id='word_1_340' title='bbox 1355 2222 1491 2276; x_wconf 68' lang='lat' dir='ltr'><strong>juvem·</strong></span> 
     </span>
     <span class='ocr_line' id='line_1_42' title="bbox 154 2274 1492 2330; baseline -0.004 -14"><span class='ocrx_word' id='word_1_341' title='bbox 154 2279 328 2330; x_wconf 43' lang='lat' dir='ltr'><strong>studentes</strong></span> <span class='ocrx_word' id='word_1_342' title='bbox 349 2280 396 2314; x_wconf 65' lang='lat' dir='ltr'><strong>in&gt;</strong></span> <span class='ocrx_word' id='word_1_343' title='bbox 413 2278 509 2315; x_wconf 77' lang='lat' dir='ltr'><strong>vrbe</strong></span> <span class='ocrx_word' id='word_1_344' title='bbox 544 2274 661 2327; x_wconf 81' lang='lat' dir='ltr'><strong>juxta</strong></span> <span class='ocrx_word' id='word_1_345' title='bbox 695 2277 854 2314; x_wconf 76' lang='lat' dir='ltr'><strong>ordinem</strong></span> <span class='ocrx_word' id='word_1_346' title='bbox 881 2280 1077 2315; x_wconf 79' lang='lat' dir='ltr'><strong>vocationis</strong></span> <span class='ocrx_word' id='word_1_347' title='bbox 1104 2279 1152 2315; x_wconf 85' lang='lat' dir='ltr'><strong>ad</strong></span> <span class='ocrx_word' id='word_1_348' title='bbox 1178 2277 1412 2326; x_wconf 62' lang='lat' dir='ltr'><strong>praelaturam</strong></span> <span class='ocrx_word' id='word_1_349' title='bbox 1443 2277 1492 2311; x_wconf 83' lang='lat' dir='ltr'><strong>ad</strong></span> 
     </span>
     <span class='ocr_line' id='line_1_43' title="bbox 165 2331 406 2369; baseline -0.004 0"><span class='ocrx_word' id='word_1_350' title='bbox 165 2331 378 2369; x_wconf 68' lang='lat' dir='ltr'><strong>decennium</strong></span> <span class='ocrx_word' id='word_1_351' title='bbox 396 2358 406 2368; x_wconf 89' lang='lat'><strong>.</strong></span> 
     </span>
    </p>

    <p class='ocr_par' dir='ltr' id='par_1_9' title="bbox 115 2378 1494 2734">
     <span class='ocr_line' id='line_1_44' title="bbox 115 2378 1492 2430; baseline -0.004 -7"><span class='ocrx_word' id='word_1_352' title='bbox 115 2383 280 2430; x_wconf 85' lang='lat' dir='ltr'><strong>Placuit</strong></span> <span class='ocrx_word' id='word_1_353' title='bbox 303 2380 547 2428; x_wconf 87' lang='lat' dir='ltr'><strong>rescriptum</strong></span> <span class='ocrx_word' id='word_1_354' title='bbox 572 2380 755 2429; x_wconf 83' lang='lat' dir='ltr'><strong>partibus</strong></span> <span class='ocrx_word' id='word_1_355' title='bbox 787 2411 797 2421; x_wconf 89' lang='lat'>.</span> <span class='ocrx_word' id='word_1_356' title='bbox 833 2381 943 2421; x_wconf 90' lang='lat' dir='ltr'><strong>Hinc</strong></span> <span class='ocrx_word' id='word_1_357' title='bbox 965 2382 1255 2429; x_wconf 46' lang='lat' dir='ltr'><strong>&#39;Hieronymus</strong></span> <span class='ocrx_word' id='word_1_358' title='bbox 1289 2378 1492 2425; x_wconf 83' lang='lat' dir='ltr'><strong>Dittajuti</strong></span> 
     </span>
     <span class='ocr_line' id='line_1_45' title="bbox 169 2431 1494 2484; baseline -0.003 -10"><span class='ocrx_word' id='word_1_359' title='bbox 169 2435 340 2484; x_wconf 81' lang='lat' dir='ltr'><strong>Therefiae</strong></span> <span class='ocrx_word' id='word_1_360' title='bbox 350 2433 457 2472; x_wconf 84' lang='lat' dir='ltr'><strong>filius</strong></span> <span class='ocrx_word' id='word_1_361' title='bbox 479 2431 650 2471; x_wconf 84' lang='lat' dir='ltr'><strong>Romam</strong></span> <span class='ocrx_word' id='word_1_362' title='bbox 666 2433 783 2473; x_wconf 88' lang='lat' dir='ltr'><strong>venit</strong></span> <span class='ocrx_word' id='word_1_363' title='bbox 797 2447 811 2473; x_wconf 88' lang='lat'><strong>‚·</strong></span> <span class='ocrx_word' id='word_1_364' title='bbox 841 2434 909 2473; x_wconf 89' lang='lat' dir='ltr'><strong>sed</strong></span> <span class='ocrx_word' id='word_1_365' title='bbox 936 2434 1071 2472; x_wconf 88' lang='lat' dir='ltr'><strong>statim</strong></span> <span class='ocrx_word' id='word_1_366' title='bbox 1099 2434 1148 2473; x_wconf 89' lang='lat' dir='ltr'><strong>de</strong></span> <span class='ocrx_word' id='word_1_367' title='bbox 1167 2432 1410 2481; x_wconf 57' lang='lat' dir='ltr'><strong>largitioni&amp;</strong></span> <span class='ocrx_word' id='word_1_368' title='bbox 1428 2440 1494 2475; x_wconf 84' lang='lat' dir='ltr'><strong>te-</strong></span> 
     </span>
     <span class='ocr_line' id='line_1_46' title="bbox 170 2485 1491 2535; baseline -0.004 -9"><span class='ocrx_word' id='word_1_369' title='bbox 170 2488 332 2526; x_wconf 81' lang='lat' dir='ltr'><strong>nuitate</strong></span> <span class='ocrx_word' id='word_1_370' title='bbox 362 2486 603 2535; x_wconf 82' lang='lat' dir='ltr'><strong>conquestus</strong></span> <span class='ocrx_word' id='word_1_371' title='bbox 621 2486 700 2524; x_wconf 87' lang='lat' dir='ltr'><strong>est.</strong></span> <span class='ocrx_word' id='word_1_372' title='bbox 731 2485 944 2524; x_wconf 89' lang='lat' dir='ltr'><strong>Summum</strong></span> <span class='ocrx_word' id='word_1_373' title='bbox 972 2485 1214 2524; x_wconf 84' lang='lat' dir='ltr'><strong>Pontificem</strong></span> <span class='ocrx_word' id='word_1_374' title='bbox 1244 2494 1491 2533; x_wconf 68' lang='lat' dir='ltr'><strong>propterea-2</strong></span> 
     </span>
     <span class='ocr_line' id='line_1_47' title="bbox 174 2536 1494 2587; baseline -0.002 -11"><span class='ocrx_word' id='word_1_375' title='bbox 174 2539 272 2578; x_wconf 86' lang='lat' dir='ltr'><strong>adiit</strong></span> <span class='ocrx_word' id='word_1_376' title='bbox 302 2551 373 2587; x_wconf 86' lang='lat' dir='ltr'><strong>pro</strong></span> <span class='ocrx_word' id='word_1_377' title='bbox 392 2546 614 2586; x_wconf 80' lang='lat' dir='ltr'><strong>augmento</strong></span> <span class='ocrx_word' id='word_1_378' title='bbox 631 2536 680 2574; x_wconf 89' lang='lat' dir='ltr'><strong>ad</strong></span> <span class='ocrx_word' id='word_1_379' title='bbox 697 2548 871 2576; x_wconf 86' lang='lat' dir='ltr'><strong>annuam</strong></span> <span class='ocrx_word' id='word_1_380' title='bbox 904 2538 1102 2575; x_wconf 85' lang='lat' dir='ltr'><strong>summam</strong></span> <span class='ocrx_word' id='word_1_381' title='bbox 1118 2537 1324 2576; x_wconf 87' lang='lat' dir='ltr'><strong>scutorum</strong></span> <span class='ocrx_word' id='word_1_382' title='bbox 1343 2537 1494 2576; x_wconf 80' lang='lat' dir='ltr'><strong>hiscen-</strong></span> 
     </span>
     <span class='ocr_line' id='line_1_48' title="bbox 174 2588 1494 2639; baseline -0.002 -11"><span class='ocrx_word' id='word_1_383' title='bbox 174 2598 265 2628; x_wconf 71' lang='lat' dir='ltr'><strong>tnm‘</strong></span> <span class='ocrx_word' id='word_1_384' title='bbox 280 2618 297 2628; x_wconf 22' lang='grc' dir='ltr'><strong>,ν</strong></span> <span class='ocrx_word' id='word_1_385' title='bbox 319 2590 476 2629; x_wconf 80' lang='lat' dir='ltr'><strong>Petitio</strong></span> <span class='ocrx_word' id='word_1_386' title='bbox 493 2589 669 2637; x_wconf 86' lang='lat' dir='ltr'><strong>primum</strong></span> <span class='ocrx_word' id='word_1_387' title='bbox 689 2591 748 2626; x_wconf 72' lang='lat' dir='ltr'><strong>die</strong></span> <span class='ocrx_word' id='word_1_388' title='bbox 764 2591 1016 2631; x_wconf 77' lang='lat' dir='ltr'><strong>3.Decembris</strong></span> <span class='ocrx_word' id='word_1_389' title='bbox 1036 2589 1155 2639; x_wconf 73' lang='lat' dir='ltr'><strong>elapsi</strong></span> <span class='ocrx_word' id='word_1_390' title='bbox 1169 2589 1262 2627; x_wconf 87' lang='lat' dir='ltr'><strong>anui</strong></span> <span class='ocrx_word' id='word_1_391' title='bbox 1292 2588 1494 2638; x_wconf 86' lang='lat' dir='ltr'><strong>apertiffi-</strong></span> 
     </span>
     <span class='ocr_line' id='line_1_49' title="bbox 173 2640 1491 2734; baseline -0.001 -54"><span class='ocrx_word' id='word_1_392' title='bbox 173 2642 404 2734; x_wconf 49' lang='lat' dir='ltr'><strong>gercjeeta</strong></span> <span class='ocrx_word' id='word_1_393' title='bbox 424 2667 436 2687; x_wconf 82' lang='lat'>‚</span> <span class='ocrx_word' id='word_1_394' title='bbox 466 2642 598 2699; x_wconf 82' lang='lat' dir='ltr'><strong>postea</strong></span> <span class='ocrx_word' id='word_1_395' title='bbox 614 2641 661 2680; x_wconf 87' lang='lat' dir='ltr'><strong>ad</strong></span> <span class='ocrx_word' id='word_1_396' title='bbox 679 2640 844 2681; x_wconf 84' lang='lat' dir='ltr'><strong>Sacram</strong></span> <span class='ocrx_word' id='word_1_397' title='bbox 858 2641 1233 2692; x_wconf 76' lang='lat' dir='ltr'><strong>congregationem</strong></span> <span class='ocrx_word' id='word_1_398' title='bbox 1252 2641 1410 2682; x_wconf 83' lang='lat' dir='ltr'><strong>remiffa</strong></span> <span class='ocrx_word' id='word_1_399' title='bbox 1424 2642 1491 2687; x_wconf 56' lang='lat' dir='ltr'><strong>est„</strong></span> 
     </span>
    </p>

    <p class='ocr_par' dir='ltr' id='par_1_10' title="bbox 221 2703 604 2743">
     <span class='ocr_line' id='line_1_50' title="bbox 221 2703 604 2743; baseline 0.003 -11"><span class='ocrx_word' id='word_1_400' title='bbox 221 2705 241 2732; x_wconf 89' lang='lat' dir='ltr'><strong>e</strong></span> <span class='ocrx_word' id='word_1_401' title='bbox 256 2704 302 2732; x_wconf 84' lang='lat' dir='ltr'><strong>ea</strong></span> <span class='ocrx_word' id='word_1_402' title='bbox 318 2705 423 2732; x_wconf 90' lang='lat' dir='ltr'><strong>nunc</strong></span> <span class='ocrx_word' id='word_1_403' title='bbox 442 2703 604 2743; x_wconf 81' lang='lat' dir='ltr'><strong>agitur.</strong></span> 
     </span>
    </p>
   </div>
   <div class='ocr_carea' id='block_1_7' title="bbox 1419 2745 1495 2784">
    <p class='ocr_par' dir='ltr' id='par_1_11' title="bbox 1419 2745 1495 2784">
     <span class='ocr_line' id='line_1_51' title="bbox 1419 2745 1495 2784; baseline -0.013 0"><span class='ocrx_word' id='word_1_404' title='bbox 1419 2745 1495 2784; x_wconf 79' lang='lat' dir='ltr'><strong>Ai-</strong></span> 
     </span>
    </p>
   </div>
  </div>
 </body>
</html>
