1919 2964
481 168 578 256 {liin
597 227 617 252 a
631 214 752 252 Patre
770 212 820 251 de
848 211 1146 251 conscribendis
1173 211 1381 260 Capitulis
1399 210 1650 262 nuptialibus
1667 211 1812 259 ageba-

483 278 552 308 tur
569 296 579 305 .
610 266 661 304 Et
680 266 759 304 duo
787 265 986 303 contestes
1006 263 1211 310 asserunt,
1249 263 1422 315 quadam
1454 265 1522 304 die
1536 264 1679 303 menfis
1698 263 1813 302 Mar-

485 321 536 359 tii
557 332 669 365 1759.
687 344 700 362 ‚
719 330 798 367 qua
817 316 1006 356 Vicarius
1029 317 1251 356 Generalis
1270 328 1364 355 cum
1396 316 1658 356 Cancellario
1677 316 1814 364 explo-

483 371 593 411 ravit
623 370 774 409 Puellae
799 370 1065 408 voluntatem
1085 396 1097 413 ,
1124 370 1292 408 auditos
1324 367 1440 407 fuiffe
1463 368 1649 416 strepitus
1677 368 1810 406 Ducis

482 422 636 464 Alanni
654 448 665 468 ‚
683 434 729 461 ex
747 435 826 471 quo
846 421 950 460 Filia
970 420 1232 469 respondisset
1250 419 1418 459 Vicario
1435 446 1447 465 ,
1467 422 1579 460 nolle
1594 421 1812 460 matrimo—

483 477 599 515 nium
617 476 860 512 contrahere
891 485 983 512 cum
1005 473 1121 511 Duce
1137 472 1187 510 de
1204 472 1318 511 Dura
1339 485 1347 510 :
1375 473 1518 522 &ipsis
1547 473 1808 512 audientibus

478 536 668 577 rogatum
682 539 704 564 a
716 525 877 564 Duciffa
893 525 943 565 D.
960 524 1160 573 Olympia
1174 525 1394 575 Valignani
1410 536 1540 565 matre
1556 524 1669 564 fuisse
1682 524 1807 563 Vica-

485 582 589 619 rium
613 603 626 622 ‚
655 578 706 617 ad
723 578 943 618 sedandum
961 578 1143 616 animum
1161 576 1290 616 Patris
1310 578 1367 616 ira
1383 580 1537 617 accensi
1552 605 1563 623 ,
1595 586 1639 616 ut
1659 576 1807 615 Filiam

485 633 638 671 iterum
658 631 934 679 interrogaret
951 657 963 675 ,
979 630 1079 669 licet
1096 629 1287 671 Vicarius
1306 631 1498 670 instantiae
1515 631 1719 670 adhaerere
1737 640 1812 665 no-

487 685 615 723 luerit
629 710 640 727 ‚
660 695 751 721 cum
766 683 938 731 scriptus
952 684 1033 728 jam
1053 682 1186 721 fuiss‘et
1204 695 1225 720 a
1239 682 1498 722 Cancellario
1527 683 1639 721 illius
1659 679 1809 718 diffen-

482 738 547 776 sus
566 748 574 774 ε
595 736 772 786 ideoque
790 734 954 774 Patrem
971 748 1019 773 ea
1033 736 1100 773 die
1120 759 1132 778 ‚
1165 735 1203 774 Sc
1217 736 1308 774 aliis
1325 736 1584 786 sequentibus
1612 741 1808 772 omnem-2

484 787 704 828 adhibuiffe
717 797 946 836 operam,ut
963 787 1108 825 Filiam
1126 788 1191 825 vel
1213 787 1385 826 invitam
1403 788 1588 827 flecteret
1603 786 1652 826 ad
1668 798 1742 834 1³1·ae
1751 783 1810 821 di·-

486 843 596 880 &um
613 840 928 879 Matrimonium
947 864 960 882 ,
977 839 1324 888 increpationibus
1343 866 1354 884 ‚
1383 842 1420 879 ἃ
1438 841 1558 879 minis
1577 867 1589 885 ,
1623 839 1805 888 ipsosque

481 894 698 940 praesentes
724 891 841 930 fuisse
859 917 871 936 ‚
902 892 998 929 dum
1016 891 1126 929 Filia:
1145 893 1510 931 exhaeredationem
1539 893 1714 930 minatus
1736 890 1806 934 est,

482 946 521 984 δε
538 954 779 993 perpetuam
808 944 1074 982 reclusionem
1093 944 1130 981 in
1149 944 1438 983 Monastesium
1452 969 1464 987 ,
1495 953 1539 982 ut
1555 944 1608 983 ibi
1626 941 1803 981 miseriis

480 996 660 1045 oppreffa
676 1004 907 1034 moreretur
924 1020 936 1038 ‚
965 996 1035 1033 nili
1054 996 1328 1034 Matrimonio
1342 1009 1436 1034 cum
1457 996 1572 1035 Duce
1592 995 1641 1034 de
1659 996 1803 1034 Dura-2

482 1048 732 1087 consentiret
752 1060 760 1084 ε
778 1048 862 1085 imo
880 1048 928 1086 ad
942 1049 1078 1086 aetum
1095 1049 1321 1097 proximum
1348 1049 1686 1088 exhaeredationis
1711 1059 1805 1095 pro-

479 1099 630 1139 cessiffe
649 1127 660 1145 ‚
687 1100 866 1145 injuncta
895 1099 1073 1139 Notario
1097 1100 1147 1139 ad
1178 1102 1284 1139 hunc
1316 1100 1507 1140 effectum
1535 1101 1801 1139 extensione)

479 1153 684 1201 scripturae
713 1165 850 1190 coram
869 1151 972 1191 Filia
989 1177 1001 1195 a
1017 1165 1102 1201 quae
1120 1153 1264 1201 lugens
1284 1153 1517 1192 eCubiculo
1535 1151 1697 1192 receffit
1713 1176 1726 1195 ,
1757 1157 1818 1189 ut.

479 1206 588 1244 idem
606 1206 775 1243 testatur
795 1204 1018 1243 Notarius:
1047 1218 1120 1243 nec
1139 1204 1332 1243 celsatum
1360 1204 1474 1245 fuiffe
1492 1219 1512 1244 a
1530 1205 1652 1242 minis
1673 1229 1684 1248 ,
1713 1204 1805 1241 sua-

479 1257 650 1296 fionibus
670 1283 681 1301 ,
701 1258 738 1295 ἃ
754 1256 1106 1295 adhortationibus
1125 1284 1137 1302 ,
1168 1258 1296 1296 donec
1315 1258 1457 1297 Puella
1477 1257 1609 1296 invita
1626 1255 1795 1295 consen-

480 1310 552 1348 tiit
571 1335 583 1353 ,
602 1311 639 1348 Sc
659 1319 754 1346 tunc
775 1309 927 1346 iterum
940 1317 1133 1347 vocatum
1151 1308 1263 1348 fuiffe
1281 1309 1491 1349 Vicarium
1522 1309 1770 1351 Generalem
1786 1330 1801 1350 ‚

482 1361 659 1411 quicum
680 1361 748 1398 suo
766 1360 1027 1399 cancellario
1045 1361 1229 1400 Puellam
1250 1387 1262 1405 ,
1289 1364 1480 1411 praesente
1497 1361 1617 1399 Patre
1633 1387 1645 1406 ,
1674 1360 1806 1398 inter-

484 1413 642 1461 rogavit
662 1437 673 1455 ,
702 1421 956 1461 acceptoque
984 1412 1233 1451 affirmativo
1255 1415 1439 1460 responso
1455 1440 1468 1458 ‚
1495 1413 1713 1451 licentiam
1728 1413 1803 1451 de-

479 1465 541 1503 dit
561 1464 832 1503 contrahendi
853 1464 1171 1502 Matrimonium
1189 1491 1200 1509 ‚
1231 1467 1337 1516 quod
1354 1492 1365 1508 ,
1395 1476 1440 1504 ut
1455 1465 1527 1504 alii
1547 1465 1685 1503 Testes
1706 1476 1802 1501 nar-

479 1526 572 1555 rant
587 1541 599 1559 ‚
618 1517 875 1555 celebratum
891 1515 971 1554 fuit
989 1517 1179 1562 praesente
1195 1517 1314 1556 Patre
1331 1519 1370 1556 in
1399 1518 1565 1566 Oppido
1582 1513 1815 1557 Catineani,

477 1569 520 1607 in
537 1568 673 1606 Domo
688 1567 846 1615 privata
863 1593 874 1611 ‚
904 1579 980 1605 non
998 1569 1077 1606 fine
1093 1569 1312 1608 succeffivo
1344 1583 1514 1608 maerore
1540 1569 1692 1608 Puenae
1708 1597 1717 1606 .
1747 1568 1803 1604 Et

482 1633 567 1670 quae
587 1620 702 1668 supra
717 1631 738 1656 a
757 1618 938 1657 Testibus
958 1620 1090 1657 relata
1108 1621 1196 1665 sunt
1215 1646 1226 1664 ,
1247 1620 1567 1667 eajurejurando
1582 1619 1800 1658 confirmat

476 1671 604 1711 Pater
620 1672 700 1717 ipse
718 1671 978 1710 conscientiae
997 1671 1168 1709 stimulis
1185 1674 1363 1720 agitatus
1381 1697 1394 1717 ‚
1422 1684 1514 1711 cum
1532 1685 1610 1722 quo
1630 1683 1802 1710 concor-

476 1725 575 1764 dant
594 1723 666 1762 alii
681 1724 837 1772 septem
855 1723 992 1762 Testes
1011 1747 1023 1768 ‚
1054 1723 1158 1763 licet
1174 1737 1253 1764 non
1269 1738 1410 1765 omnes
1429 1725 1468 1764 in
1495 1724 1682 1764 omnibus
1715 1724 1801 1762 cir-

478 1775 729 1814 cumstantiis
745 1776 1019 1815 conveniant.

425 1827 573 1880 Qload
592 1826 813 1866 facultates
830 1828 996 1866 demum
1009 1827 1371 1879 Archipresbyteri
1388 1829 1608 1869 Catineani
1628 1855 1641 1875 ‚
1659 1839 1801 1870 coram

479 1893 558 1930 quo
572 1880 826 1918 celebratum
855 1879 936 1919 fuit
964 1879 1279 1921 Matrimonium
1297 1909 1309 1928 ,
1340 1884 1513 1922 resultat
1543 1894 1590 1921 ex
1619 1879 1799 1930 processu

476 1930 704 1982 supradicto
732 1957 744 1976 ‚
774 1933 880 1982 quod
905 1933 1082 1981 receptis
1107 1935 1313 1974 consuetis
1345 1934 1647 1984 probationibus
1676 1933 1800 1971 status

475 1984 597 2025 liberi
616 1984 826 2039 utriusque
841 1984 1037 2033 conjugis
1056 2009 1069 2028 ‚
1094 1987 1368 2036 praemiffaque
1391 1999 1470 2026 una
1497 1998 1568 2036 pro
1584 1986 1712 2024 tribus
1728 1983 1802 2023 de·-

472 2036 805 2076 nunciationibus
823 2061 836 2080 ‚
855 2036 1045 2076 Vicarius
1060 2037 1275 2078 Generalis
1294 2038 1522 2078 Theatinus
1537 2063 1548 2082 ‚
1567 2037 1619 2077 de
1637 2036 1817 2084 consen·-¹

472 2089 517 2127 su
535 2087 707 2128 Parochi
741 2089 928 2128 Ecclefiae
945 2088 1207 2130 Cathedralis
1225 2117 1237 2136 ‚
1267 2091 1306 2129 in
1322 2093 1438 2137 cujus
1457 2089 1655 2130 Parochia
1670 2087 1796 2137 dege·

431 2189 433 2191 ¹
473 2142 539 2179 bat
557 2141 703 2180 Puella
718 2165 730 2185 ‚
748 2140 958 2190 delegavit
978 2142 1156 2181 eundem
1172 2142 1591 2193 Archipresbyterum
1607 2140 1804 2186 Catinea-

472 2193 541 2238 ni,
568 2201 616 2232 ut
645 2193 816 2240 Sponfos
848 2193 1056 2242 praedic'tos
1088 2194 1127 2232 in
1151 2195 1471 2234 Matrimonium
1496 2195 1796 2239 conjungeret.

410 2281 414 2296 ‹
472 2244 552 2283 Sed
571 2244 611 2282 in
629 2244 815 2293 praedic‘ta
834 2245 1116 2284 declaratione
1134 2245 1263 2283 Ducis
1283 2246 1435 2284 Alanni
1464 2244 1641 2292 legitur,
1672 2252 1797 2279 cum„

470 2297 586 2336 usum
604 2308 682 2334 non
699 2294 813 2335 fuiffe
833 2294 1064 2341 hujusmodi
1093 2294 1386 2344 delegatione:
1418 2296 1469 2334 Et
1487 2296 1525 2333 in
1544 2293 1622 2332 fide
1641 2293 1797 2332 Matri-

469 2348 602 2388 monii
620 2360 723 2387 anno
744 2352 855 2395 1761.
887 2348 1058 2397 alligata
1082 2347 1129 2385 *in
1148 2347 1331 2396 superius
1361 2347 1583 2386 enunciato
1608 2343 1794 2394 proceffu

408 2406 413 2414 '
465 2400 816 2450 Archipresbyter
833 2400 912 2449 ipse
931 2400 1115 2439 declarat
1129 2423 1140 2443 s
1169 2399 1208 2446 se
1220 2399 1495 2440 Matrimonio
1510 2397 1696 2437 adstitifle
1711 2397 1792 2436 de,

405 2459 410 2502 ξ
466 2452 643 2493 licentia
657 2452 733 2491 suae
749 2451 881 2491 Curiae
900 2451 1131 2491 Ordinariae
1145 2450 1556 2496 Murronenfis,cujus
1574 2449 1792 2488 Cancella-

408 2526 411 2531 .
467 2507 552 2545 rius
570 2503 821 2555 caeteroquin
838 2505 1130 2551 testatur‚,non
1145 2505 1321 2554 constare
1335 2503 1388 2551 de
1403 2502 1633 2549 hujusmodi
1658 2502 1792 2540 licen·
1830 2524 1860 2545 -1

465 2558 529 2599 tia
547 2558 586 2596 in
614 2557 717 2596 aeus
743 2556 1038 2596 Cancellariae:
1063 2558 1224 2597 Verum
1240 2556 1392 2605 ,inalia
1421 2555 1680 2596 attestatione
1699 2557 1803 2605 sub-.-

469 2609 622 2656 scripta
638 2608 775 2649 mense
792 2608 984 2649 Ostobris
999 2609 1183 2658 proxime
1199 2608 1400 2659 praeteriti
1417 2634 1430 2655 ,
1459 2608 1498 2649 Sc
1514 2608 1694 2659 exhibita
1709 2608 1785 2646 in.»
1804 2658 1807 2659 ⁷

469 2661 705 2700 Summario
721 2661 849 2700 Ducis
863 2661 917 2702 de
931 2662 1045 2701 Dura
1056 2688 1070 2708 ‚
1087 2660 1560 2709 idemArchipresbyter
1585 2659 1757 2708 deponit
1773 2684 1807 2706 ,.

463 2711 741 2753 Matrimonio
758 2711 930 2756 adfuisse
953 2713 1096 2765 vigore
1108 2712 1388 2764 delegationis
1414 2712 1546 2765 Curiae
1573 2710 1804 2765 Archjcph

566 2776 570 2781 ’
1699 2766 1789 2806 sco·
1912 2768 1918 2826 ξ
