1919 2964
488 240 558 289 bus
603 240 726 287 aliam
759 237 941 281 ejusdem
970 240 1218 287 quantitatis
1263 241 1533 292 largi-tionem
1561 241 1723 280 addidit
1755 252 1826 288 pro

489 283 771 337 comparandis
790 303 934 328 eorum
948 290 1149 330 vestibus.

439 342 648 392 Defuncsto
665 343 862 381 testatore
893 337 1136 382 executores
1153 345 1369 392 pecuniam
1401 356 1446 382 ex
1464 345 1590 384 tertia
1607 355 1723 393 parte
1751 346 1834 383 hez

489 394 684 434 feditatis
713 396 761 431 ad
776 392 981 445 librasfhre
995 397 1048 432 bis
1068 397 1168 433 mille
1196 407 1342 433 moneta
1359 395 1584 448 cathalonip
1608 399 1713 447 apud
1731 409 1784 447 pr·
1781 410 1833 436 e-

494 445 668 497 ieriptas
685 447 789 487 aedes
805 447 1107 496 deposuerunt.
1140 448 1239 487 Inde
1256 448 1522 488 advertentes
1540 450 1683 489 camin
1701 449 1838 489 humi—

496 500 526 539 li
543 512 566 550 p
572 505 672 550 ago,
704 499 1007 548 direptionibus
1021 526 1033 546 ‚
1065 513 1110 555 ac
1129 500 1359 541 latrociniis
1379 496 1558 550 exposito
1575 527 1588 547 ,
1605 499 1747 553 patum
1765 512 1834 541 tu-

495 563 537 592 te
566 553 718 592 servari
737 578 749 597 ‚
780 565 952 603 eamque
969 552 1169 600 majorem
1183 552 1260 593 effe
1280 578 1293 599 ‚
1324 566 1446 604 quam
1462 556 1631 594 testator
1645 555 1835 596 credide-

492 615 558 645 rat
574 630 587 650 ,
618 606 896 654 supplicarunt
914 617 986 658 pro
1001 606 1332 646 commutatione
1347 607 1580 646 voluntatis
1597 633 1611 652 ,
1629 615 1674 646 ut
1691 618 1839 656 perpe-

492 667 612 697 tuum
639 670 685 697 ex
702 670 748 698 ea
773 659 940 708 fimpiex
958 653 1202 708 beneficium
1225 658 1538 699 ecclefiasticum
1566 658 1835 698 constituere-

493 720 589 757 tur,
622 711 728 761 quod
741 723 874 759 primo
891 724 991 750 unus
1025 723 1071 751 ex
1089 712 1178 761 ipfis
1207 712 1346 750 Paulus
1361 714 1498 750 Viccns
1530 714 1730 761 parochus
1762 722 1834 750 ec-

492 764 621 803 clefiae
641 765 688 802 S.
706 765 812 802 Petra
826 764 1030 803 testatoris
1042 762 1181 803 fratris
1195 761 1303 802 filius
1334 765 1546 805 obtineret
1573 788 1588 805 ‚
1617 765 1832 803 reservato

493 816 535 854 in
553 817 753 869 posterum
771 824 947 865 utroque
965 813 1205 866 patronatus
1219 817 1310 861 jure
1326 813 1494 854 familia:
1509 817 1732 857 testatoris,
1747 817 1841 865 pos-7

492 867 609 907 seffor
623 880 723 906 vero
739 867 925 906 beneficii
953 893 965 912 ‚
997 879 1044 906 ex
1056 868 1254 908 reditibus
1280 879 1329 907 ea
1346 868 1514 913 omnia,
1544 881 1630 920 quae
1658 869 1832 908 testator

492 919 760 959 mandaverat
781 945 792 965 ,
807 920 1082 972 adimpleret.

441 973 552 1024 Qiia
567 973 618 1012 de
635 972 819 1022 periculo
849 969 1024 1022 depofiti
1045 971 1364 1025 pertimescebat
1391 973 1518 1013 etiam
1542 973 1764 1024 Episcopus
1792 973 1834 1013 iu

490 1025 572 1066 suis
595 1025 728 1064 literis
748 1051 760 1069 ‚
792 1024 884 1064 hinc
916 1034 1137 1076 antequam
1167 1026 1282 1064 causa
1299 1034 1595 1074 proponeretur
1613 1052 1626 1071 ‚
1661 1026 1832 1071 decreto

489 1080 608 1136 hujus
629 1078 759 1116 Sacrae
775 1077 1124 1128 Congregationis
1147 1077 1220 1117 die
1235 1092 1294 1123 27.
1314 1077 1481 1127 Augusti
1497 1079 1718 1126 superioris
1734 1077 1830 1116 anni

487 1132 657 1186 cautum
673 1133 726 1170 est
755 1157 766 1174 ‚
797 1133 1010 1178 utiinte'rim
1031 1134 1192 1179 pecunia
1229 1132 1332 1169 ultra
1361 1132 1617 1169 demandatam
1648 1130 1827 1180 distrihu-

490 1189 629 1222 t'ionem
653 1184 910 1246 investirentur
947 1186 1028 1222 tute
1042 1182 1177 1237 favore
1205 1184 1336 1250 Operis
1361 1186 1418 1249 pii
1448 1187 1489 1222 in
1519 1184 1664 1241 causam
1690 1183 1820 1221 decla-

489 1239 674 1277 randam.
729 1240 739 1250 '

437 1290 569 1344 Causa
597 1303 705 1329 nunc
718 1300 963 1340 proponitur
993 1295 1111 1343 super
1127 1293 1260 1342 petita
1277 1292 1633 1334 commutatione.
1662 1289 1822 1328 Execu·

491 1340 603 1382 tores
620 1344 801 1392 allegant
832 1357 930 1383 vere
960 1358 1040 1385 non
1057 1347 1305 1404 commutari
1320 1347 1585 1384 voluntatem
1603 1341 1831 1392 testatoris,

489 1396 557 1434 sed
578 1394 984 1445 impleripinguius,·
1014 1399 1116 1449 nihil
1137 1397 1248 1437 enim
1277 1397 1546 1447 praeterrnitti
1572 1393 1716 1438 exiis,
1748 1405 1832 1443 qux

480 1446 532 1487 de
549 1447 797 1497 pauperibus
832 1450 1033 1490 mandats
1064 1451 1147 1489 imo
1176 1450 1317 1500 iegato
1345 1449 1644 1492 securitatem,
1673 1458 1716 1485 ac
1737 1455 1832 1494 per-

489 1501 770 1550 petuitatem,
802 1513 924 1551 quam
955 1513 1032 1546 non
1051 1503 1221 1542 habebat
1239 1528 1252 1548 ‚
1281 1502 1420 1560 indu-ci
1451 1514 1461 1540 ε
1504 1498 1754 1541 sufficientes
1782 1509 1826 1535 in

486 1551 591 1593 illud
607 1563 708 1601 opus
728 1553 911 1601 impendi
933 1555 1091 1594 reditus
1108 1570 1123 1595 ,-
1150 1554 1230 1593 de
1220 1552 1268 1594 iis
1283 1579 1296 1599 ‚
1315 1554 1383 1605 qui
1400 1547 1608 1603 superant,
1625 1550 1832 1599 optimum

487 1605 577 1655 capi
592 1604 805 1643 confilium
823 1617 919 1644 cum
937 1607 1146 1659 eret‘tione
1176 1607 1366 1657 perpetui
1385 1606 1604 1650 beneficii,
1633 1602 1701 1642 cui
1727 1611 1830 1640 onus

487 1657 948 1719 perpetuaelargitionis
977 1660 1017 1697 in
1034 1655 1231 1709 pauperes
1260 1654 1489 1703 injunnum
1502 1660 1552 1697 fit
1579 1670 1590 1697 ε
1618 1655 1834 1702 consenta-

486 1722 611 1751 neum
642 1713 721 1748 hoc
738 1710 925 1760 aequitati
941 1737 954 1755 ‚
985 1724 1030 1750 ac
1048 1712 1256 1751 voluniati
1286 1711 1490 1750 testatoris
1509 1711 1691 1756 ejusdem
1705 1732 1718 1751 ν
1737 1706 1831 1754 lpsl-

490 1776 571 1815 que
593 1758 853 1801 utiliffimum
871 1788 884 1807 ‚
914 1775 1007 1802 nam
1025 1775 1073 1802 ex
1089 1754 1287 1804 reditibus
1306 1764 1494 1813 quolibet
1510 1762 1648 1809 mense
1667 1759 1830 1797 sacrum

486 1829 559 1865 pro
576 1814 812 1863 expiatione
833 1817 919 1859 ejus
938 1816 1078 1853 anima:
1111 1824 1310 1865 perpetuo
1320 1815 1405 1856 effe
1423 1814 1714 1859 celebrandum
1728 1821 1828 1849 con-

488 1869 662 1908 senfiunt
694 1878 704 1903 ε
732 1866 855 1906 aliter
873 1869 900 1905 si
916 1862 1222 1914 testamentum,
1241 1868 1303 1907 uti
1319 1868 1515 1915 scriptum
1531 1869 1584 1907 est
1601 1892 1614 1912 ,
1632 1864 1832 1913 implere.-

487 1930 598 1965 tur,
626 1920 708 1969 fine
736 1919 876 1969 aliquo
905 1920 1052 1964 majori
1081 1933 1306 1969 pauperum
1336 1921 1626 1959 emolumento
1653 1941 1667 1962 ‚
1709 1926 1832 1963 pecu-

492 1985 603 2012 mam
632 1982 705 2020 per
718 1980 916 2016 centum,
947 1972 985 2011 Sc
1005 1973 1113 2012 ultra
1128 1984 1255 2012 annos
1286 1999 1299 2018 ,
1330 1972 1461 2012 donec
1490 1971 1676 2021 universa
1692 1967 1833 2007 consu-1

489 2033 651 2072 matur,
683 2022 976 2062 infrut‘iuosam
1018 2024 1274 2064 retinendam
1304 2020 1408 2074 apud
1439 2019 1543 2065 aedes
1574 2035 1653 2063 non
1679 2028 1793 2065 tutas
1815 2042 1830 2064 ,

490 2089 613 2129 penes
641 2074 884 2118 successores
915 2079 1111 2126 parochos
1151 2074 1316 2118 fortaffe
1332 2077 1596 2129 improvidos
1629 2098 1644 2120 ‚
1683 2085 1729 2112 ac
1758 2083 1832 2122 ης-

518 2131 547 2169 li
579 2138 720 2169 entes.

442 2144 615 2229 Agdugnt
634 2183 875 2226 testatorem
903 2180 1000 2221 dum
1019 2183 1235 2233 codicillos
1254 2182 1467 2234 confecit,
1498 2196 1543 2229 ac
1560 2182 1742 2239 legatum
1776 2174 1830 2225 de

494 2248 518 2286 p
517 2228 739 2284 auperibus
756 2230 1026 2273 confirmavit
1029 2261 1041 2279 ‚
1071 2237 1267 2286 auxitque
1284 2260 1297 2279 ,
1327 2235 1590 2283 ot‘togenario
1606 2232 1828 2276 majorem,

492 2290 577 2336 J'am
593 2286 707 2336 senio
739 2285 976 2324 confectum
1006 2288 1079 2325 suae
1107 2289 1222 2335 ipfius
1241 2285 1496 2325 haereditatis
1525 2294 1632 2325 vires
1648 2282 1833 2332 ignoral-

493 2341 559 2381 se·
547 2363 561 2380 ‚
577 2338 617 2377 id
636 2349 684 2378 ex
702 2337 787 2386 ipsa
803 2338 928 2387 iegati
947 2338 1209 2395 dispositione
1236 2331 1493 2377 manifestum
1508 2361 1523 2379 ‚
1541 2336 1591 2376 ad
1606 2334 1703 2387 quid
1717 2344 1832 2374 enim

493 2400 654 2432 tantam
682 2389 948 2439 pecuniarum
977 2403 1063 2429 vim
1091 2391 1326 2430 servandam
1358 2388 1580 2430 mandasset
1598 2411 1613 2432 ²
1642 2397 1727 2426 tam
1758 2398 1830 2438 paq

493 2455 584 2484 rum
599 2453 708 2497 tute,
725 2454 796 2492 per
813 2451 876 2481 tot
893 2454 1033 2482 manus
1048 2435 1304 2496 versandar'n,
1321 2442 1568 2483 decurrente
1581 2440 1775 2487 seculari,
1790 2441 1830 2480 δε

492 2498 604 2537 ultra
619 2497 816 2543 annorum
830 2495 983 2543 spatio.
977 2495 997 2523 θ

443 2551 662 2603 Episcopus
692 2538 835 2598 probat
862 2573 875 2592 ‚
902 2548 1120 2588 confirmat
1148 2575 1160 2595 ‚
1203 2550 1426 2601 laudatque
1451 2546 1590 2587 omnia
1615 2559 1631 2586 ,-
1658 2546 1743 2585 imo
1771 2546 1832 2584 sa·-

495 2614 610 2643 crum
637 2600 823 2650 quolibet
837 2601 975 2639 mense
1004 2595 1296 2642 celebrandum
1324 2631 1336 2641 .
1365 2603 1513 2658 dequo
1540 2599 1656 2649 supra
1669 2597 1830 2638 mentio

440 2683 446 2686 -
439 2655 692 2708 ἱειᾶειείὶ,
724 2652 805 2702 ipse
834 2652 981 2692 adiicit
1009 2678 1022 2698 ,
1052 2654 1153 2693 utin
1170 2656 1259 2700 ejus
1274 2655 1472 2697 relatione,
1503 2665 1542 2691 in
1574 2663 1651 2702 qua
1680 2659 1824 2700 practer

433 2714 436 2718 “
439 2694 579 2750 alia
592 2730 605 2755 ,
623 2704 674 2755 de
692 2704 866 2754 pecunia
883 2706 974 2744 ait·
1004 2708 1170 2746 accedere
1177 2708 1289 2756 potest
1303 2731 1316 2751 ‚
1342 2709 1436 2757 quod
1450 2706 1582 2757 aliquis
1607 2704 1832 2792 infnsuzm

537 2785 540 2787 Α
1792 2767 1830 2791 e..
