1919 2964
509 148 585 174 100

509 185 860 239 eragefimalis,
879 189 922 231 ὠ·
938 188 1105 238 Theologi
1115 191 1529 240 documenta'produxit.
1547 195 1704 233 Nullibi
1716 206 1837 233 tamen

510 241 715 281 Rethoricae
730 264 742 283 ‚
768 253 837 277 *nec
862 240 1041 289 Thologiae
1067 245 1159 281 mihi
1173 244 1430 292 constarefecit
1454 270 1471 289 s,
1499 251 1664 296 quamvis
1692 250 1736 284 ab
1753 248 1836 283 olim

508 305 585 331 meo
600 291 815 329 provicario
830 294 1004 331 Generali
1015 309 1074 332 me
1092 296 1252 344 absente,
1268 296 1426 341 &nullo
1433 302 1656 347 praecedente
1671 303 1838 337 examine

504 343 723 394 facultatem
748 346 900 384 docendi
918 346 1143 397 Theologiam
1154 358 1348 398 excerpere
1360 350 1523 388 valuerit
1535 376 1548 395 ,
1566 357 1608 396 ξς·
1623 368 1643 391 a
1654 367 1731 390 meo
1741 352 1836 401 post-

510 397 653 437 modam
672 397 832 436 Vicario
847 400 1026 438 Generali
1049 404 1199 439 noviter
1224 403 1275 438 ad
1298 405 1394 442 ,hanc
1419 404 1609 452 Diaecesim
1630 415 1834 455 pervento,

508 452 640 499 cuique
655 450 881 489 clericorum
895 464 1005 490 mores
1015 457 1157 503 penitus
1172 464 1281 492 erant
1295 459 1411 504 ignoti
1425 478 1439 498 ‚
1465 470 1524 494 me
1534 462 1675 503 pariter
1686 457 1832 506 absente

506 502 676 551 &inscio
690 525 704 547 ‚
730 505 991 554 attestationem
1008 504 1084 558 ejus
1100 510 1188 545 vite
1213 533 1227 553 ‚
1253 508 1559 559 &requisitorum
1572 533 1586 552 ,
1610 523 1718 560 quam
1739 524 1764 546 a
1778 522 1834 546 me

507 568 689 606 nunquam
716 559 874 595 obtinere
892 568 1066 609 potuerat
1086 583 1102 603 ‚
1132 563 1423 600 emendicaverit
1449 571 1460 598 t
1496 564 1631 599 ade-out
1653 566 1694 598 in
1721 560 1833 613 hujus·

504 610 711 658 Aprutinae
727 611 894 661 Diaecefis
923 611 1010 650 Iocis
1021 615 1210 662 'intermisti
1228 639 1244 658 ‚
1268 614 1360 652 licet
1388 615 1528 660 Oratus
1544 636 1560 658 2
1591 616 1742 652 verbum
1754 615 1832 652 Dei

499 664 703 715 pradicare
727 663 842 713 ipsum
857 677 1050 715 numquam
1068 668 1296 715 permiserim
1310 696 1320 706 .
1350 669 1527 705 Evertere
1538 670 1696 705 curavit
1708 667 1834 704 awa-

504 717 627 756 cerdos
656 717 868 754 Dominicus
898 716 1059 767 ‘Jordani
1086 720 1628 769 rctrffcriptampostulationem
1646 719 1831 767 vniversi-

502 774 591 809 tatis
609 769 965 817 Turricellaesac'lam
971 771 1103 818 favore
1128 772 1169 811 d.
1186 772 1349 810 Antonii
1362 775 1494 820 Pompa
1505 798 1518 817 ,
1546 785 1654 823 qaam
1662 772 1756 820 fhlso
1770 774 1832 809 in-

495 823 675 872 scriptam
691 821 759 870 cffi-
769 824 924 871 afferm‘t
938 852 948 861 .
977 827 1042 862 At
1053 826 1161 862 enixe
1177 826 1328 863 Civium
1357 827 1393 863 d.
1408 824 1478 862 loci
1485 834 1607 873 preces
1621 849 1634 868 ,
1651 827 1693 868 ῖς-
1708 837 1793 861 voce
1807 848 1823 868 ,

503 876 687 924 &scripto
703 888 820 912 coram
833 890 887 913 me
890 875 1029 922 favore
1044 877 1206 929 ejusdem
1220 880 1433 917 Sacerdotis
1452 879 1584 927 Pompa
1607 878 1736 925 affidue
1744 885 1830 923 por-

502 927 609 966 reelae
636 953 648 972 ‚
678 930 903 976 &praecipue
931 931 1079 967 adnexa
1096 930 1294 968 declaratio
1322 934 1432 968 totius
1447 930 1578 979 Populi
1593 930 1698 967 difzae
1712 928 1827 966 Villa

499 982 728 1018 mendacium
738 983 801 1019 hoc
813 985 988 1020 evincunt
1006 1011 1016 1021 .
1047 982 1244 1022 Videndae
1257 983 1350 1023 sunt
1366 984 1490 1022 ambae
1503 984 1710 1027 relationes,
1726 991 1824 1031 quas

501 1032 720 1082 Episcopus
736 1033 864 1073 mifit.

447 1085 690 1128 Dominicus
703 1087 984 1126 controverfiae
1002 1087 1125 1126 initio
1142 1113 1156 1132 ‚
1174 1088 1305 1128 multa
1319 1089 1369 1128 de
1385 1090 1424 1128 se
1442 1114 1454 1133 ‚
1469 1088 1601 1127 multa
1615 1087 1664 1126 de
1679 1084 1826 1130 studio,

499 1150 548 1177 ac
564 1136 706 1176 favore
734 1137 920 1186 Episcopi
946 1153 1038 1189 erga
1055 1140 1286 1179 Antonium
1302 1167 1314 1185 ‚
1345 1142 1477 1180 multa
1505 1141 1546 1179 in
1563 1139 1826 1179 Antonium.»

501 1190 823 1238 competitorem
851 1190 956 1229 dixit
984 1205 998 1231 3
1027 1192 1094 1230 sed
1122 1192 1246 1231 modo
1259 1219 1273 1237 ‚
1302 1193 1404 1232 licet
1431 1193 1582 1240 pluries
1609 1200 1778 1231 vocatus
1806 1215 1823 1236 ‚
1861 1195 1863 1197 ’

500 1245 540 1284 &
556 1242 737 1281 monitus
757 1268 770 1287 ,
800 1242 1048 1291 interpositis
1066 1243 1231 1284 fortasse
1249 1244 1366 1283 tricis
1399 1253 1618 1283 contentus
1634 1269 1647 1289 ‚
1677 1244 1821 1293 quibus

501 1295 695 1334 aemulum
723 1295 770 1333 ab
803 1295 980 1333 ecclefiae
1012 1295 1246 1342 posseffione
1282 1295 1528 1347 acquirenda
1566 1295 1776 1344 prohibuit
1805 1319 1820 1339 ‚

496 1347 700 1395 judicium
726 1346 777 1385 de
789 1346 828 1385 se
852 1345 961 1396 fugit
978 1372 991 1392 ,
1025 1348 1063 1386 Sc
1081 1347 1151 1386 diu
1174 1347 1316 1388 frustra
1345 1350 1581 1398 expectatus
1607 1360 1687 1386 non
1703 1346 1824 1387 venit

502 1400 659 1439 adhuc.

446 1455 511 1495 De
526 1451 683 1499 judicio
697 1450 903 1500 Episcopi,
918 1449 1015 1489 dum
1030 1452 1082 1491 ad
1098 1451 1340 1501 Episcopum
1357 1450 1532 1492 collatio
1545 1451 1716 1501 spectat,
1733 1463 1824 1491 cer·-

497 1515 587 1545 tum
605 1505 659 1543 est
685 1503 934 1551 sequendum
950 1502 1026 1543 esse
1041 1529 1054 1548 ‚
1083 1504 1153 1543 nisi
1171 1505 1388 1544 evidenter
1414 1504 1602 1551 injustum
1631 1506 1679 1544 fit
1705 1529 1720 1550 ,
1753 1504 1823 1543 vel

495 1554 708 1595 manifesto
723 1567 858 1594 errore
876 1580 889 1600 ‚
905 1568 950 1595 ac
968 1556 1066 1595 dolo
1081 1567 1250 1606 peccet.
1282 1557 1412 1598 Vetus
1429 1556 1626 1597 canonica
1654 1558 1738 1596 haec
1755 1568 1823 1595 re-

494 1609 590 1659 gula
605 1608 673 1651 esta,
689 1620 810 1658 quam
824 1607 1118 1648 Tridentinum
1132 1609 1379 1657 apertissime
1396 1609 1696 1658 comprobavit.
1714 1608 1821 1648 Casu

495 1674 597 1701 vero
612 1687 625 1706 ‚
660 1673 740 1709 quo
757 1661 1017 1700 ecclefiarum
1046 1661 1222 1700 collatio
1246 1662 1296 1701 ad
1319 1661 1566 1701 Pontificem
1590 1661 1815 1710 pertinet,-

490 1715 574 1763 post
591 1712 790 1751 indistum
804 1714 851 1751 ab
870 1711 1065 1761 Episcopo
1080 1714 1379 1757 concursum,&
1393 1714 1600 1764 postquam
1618 1713 1650 1751 is
1669 1724 1816 1760 propo-

494 1765 579 1803 suit
596 1791 609 1810 ‚
634 1776 757 1814 quem
775 1764 903 1812 magis
924 1763 1116 1803 idoneum
1133 1765 1183 1804 ad
1199 1765 1407 1804 ecclesiam
1425 1763 1642 1813 regendam
1659 1765 1817 1807 censet,

492 1815 714 1857 videndum
733 1817 874 1866 quanti
888 1816 974 1862 ejus
989 1815 1223 1855 faciendum
1247 1817 1294 1856 fit
1322 1816 1527 1863 judicium
1554 1827 1601 1856 ex
1631 1816 1818 1867 Constitut-

491 1883 572 1909 cum
587 1868 686 1907 illud
698 1872 724 1906 6
728 1873 761 1907 8.
769 1869 850 1917 san.
857 1881 958 1907 mem.
976 1871 1112 1908 Bened.
1120 1869 1236 1907 XIV.

543 1919 756 1970 Querstur

439 1974 470 2015 1.
496 1975 568 2014 An
581 1972 710 2030 constet
725 1974 769 2011 de
781 1972 1026 2011 irrationabili
1030 1970 1177 2027 judicio
1190 1970 1358 2023 Episcopi
1384 1995 1398 2016 2
1428 1974 1468 2014 &
1485 1972 1688 2022 quatenus
1705 1968 1814 2016 affirq

559 2035 718 2065 matlve
733 2051 748 2072 ‚

435 2080 489 2121 11.
515 2083 585 2122 An
602 2078 828 2118 Parochialis
836 2078 888 2129 sit
904 2076 1158 2132 adjudicanda
1176 2080 1370 2117 Dominieo
1389 2076 1551 2127 Jordam·
1568 2105 1579 2116 .

586 2286 685 2328 Non
703 2288 902 2339 propofita
916 2311 930 2332 ‚
958 2300 1055 2328 cum
1069 2286 1331 2338 sequentibus
1346 2315 1358 2326 .

83 2475 254 2525 ‘nst-²5·
275 2487 390 2529 ΜΝ·
561 2495 887 2538 ACERATEN.
929 2497 1038 2536 CAP
1048 2494 1308 2535 ELLANIAE
1339 2524 1349 2534 .
1415 2496 1633 2533 Laurentius
1663 2491 1817 2540 compa->

58 2529 104 2568 ὼ
114 2531 311 2578 Refhrmat·
561 2554 672 2602 gnoni
689 2550 995 2595 Maceratenfis‚
1011 2551 1127 2598 super
1140 2548 1289 2597 praedio
1303 2557 1444 2595 empto
1463 2546 1599 2602 pretio
1614 2545 1811 2583 scut.800.

482 2604 753 2651 capellaniam
777 2601 970 2641 laicalem
1005 2601 1218 2642 constituit
1250 2613 1341 2637 anno
1391 2604 1503 2646 1694.
1549 2597 1730 2636 Vlvente
1761 2606 1811 2633 eo

482 2655 613 2695 adhuc
630 2682 644 2700 ‚
675 2658 713 2695 8(
734 2655 952 2702 redempto
969 2654 1120 2703 praedio
1133 2678 1146 2696 ,
1163 2653 1240 2692 suis
1259 2652 1408 2690 tabulis
1428 2664 1514 2688 anno
1536 2655 1648 2695 1718.
1668 2648 1810 2686 dotem

483 2708 716 2754 capellaniae
733 2706 901 2746 adauxit
915 2707 966 2745 ad
989 2718 1101 2749 1050.
1119 2706 1160 2744 in
1174 2705 1328 2745 duobus
1345 2703 1540 2750 censibus,
1557 2711 1729 2754 quorum
1745 2710 1810 2736 re-
1847 2721 1850 2723 -

481 2758 593 2800 ditus
612 2760 701 2798 sunt
719 2771 849 2798 annua
867 2759 978 2798 scuta
998 2771 1060 2802 23·
1076 2771 1140 2801 30.
1746 2799 1812 2843 De
