1889 2959
1342 161 1412 198 145

74 206 263 246 fitionem
278 216 292 244 ‚·
325 201 569 241 Subdiaconi
587 211 728 241 autem
745 227 757 247 ‚
786 203 823 242 ἃ
840 202 1014 242 Diaconi
1043 206 1313 251 personaliter
1332 203 1411 242 scr-

71 259 160 298 vire
191 257 366 298 debent,
401 265 669 305 praeterquam
699 254 736 292 in
764 255 855 293 casu
885 256 998 294 malie
1026 258 1277 297 valetudinis
1297 288 1308 306 ‚
1342 270 1411 300 aut

75 309 257 361 legitimi
278 307 567 351 impedimenti
587 332 599 351 ‚
634 308 701 346 vel
721 307 909 347 absentiae
936 308 985 347 ad
1003 310 1212 350 modicum
1231 318 1409 362 tempus.

30 364 187 414 Vigore
205 362 322 406 hujus
337 360 493 398 Statuti
513 359 649 400 renuit
663 360 883 408 praeteritis
899 361 1011 400 annis
1025 361 1264 410 Capitulum
1282 366 1321 404 in
1339 366 1415 404 Al-

76 419 126 456 bo
146 413 489 452 Subdiaconorurn
509 412 735 452 describere
759 412 976 462 Josephum
993 414 1139 454 Scnese
1156 442 1169 460 ‚
1198 416 1409 470 aliosque·

74 467 252 519 Juvenes
281 465 333 504 de
356 465 528 505 licentia
560 464 773 504 Ordinarii
806 465 989 505 absentes
1021 468 1138 507 causa
1164 469 1313 514 studii,
1342 472 1411 521 qui

72 517 320 566 jampridem
338 517 532 564 adscripti
552 526 670 555 crant
689 517 896 555 consortio
913 518 1098 558 Ecclefiae
1116 546 1128 565 ‚
1163 521 1309 573 illique
1339 524 1409 563 diii

71 571 339 621 praestiterant
356 570 568 608 servitium
587 568 846 608 Clericatuss
877 570 1015 609 &lato
1048 583 1118 620 per
1135 572 1407 615 Ordinarium
1472 612 1479 616 .

73 623 262 663 Decreto
278 621 419 662 favore
436 621 658 660 eorundem
678 621 1026 659 Subdiaconoruni
1045 648 1057 667 ,
1083 623 1324 671 Capitulum
1343 641 1417 677 ap-

74 674 255 725 pellavit
272 674 320 713 ad
334 673 440 712 A.C.
458 698 470 716 ,
502 686 576 712 nec
591 672 727 711 voluit
748 673 907 712 interea
929 673 978 712 ad
991 674 1208 714 servitium
1225 703 1237 722 ‚
1265 679 1304 718 ξε
1320 691 1414 729 par-

75 726 369 777 ticipationem
387 725 718 775 presbyteralem
744 725 908 765 eosdem
924 725 1146 768 admittere
1166 754 1177 774 ‚
1204 732 1410 782 postquam

73 778 254 831 promoti
273 779 322 818 ad
343 779 627 818 Sacerdotium
659 779 698 817 in
716 778 898 817 Patriam
915 778 1121 819 redierant
1137 810 1146 819 .
1184 782 1332 821 Omnis
1351 794 1413 823 ta-

75 844 173 872 men
189 835 476 871 controverfiae
495 831 610 869 notio
635 842 656 868 a
675 830 721 868 R.
743 830 784 873 P,
801 830 854 869 D.
872 831 1080 872 Auditore
1097 832 1411 874 SANCTISSI-

74 883 146 925 Ml
194 885 290 924 data
319 883 398 923 fuit
429 883 524 923 huic
554 883 681 922 Sacrae
711 882 1036 932 Congregationi
1051 898 1065 925 ‚·
1096 886 1134 924 8:
1163 885 1411 927 Ordinarius

74 936 127 977 de
145 949 259 977 more
274 937 438 975 auditus
454 962 466 982 ‚
483 943 627 985 putans
643 935 819 980 rejetqos
839 935 1101 984 Presbyteros
1117 938 1303 978 omnibus
1320 941 1410 989 pol-

75 990 165 1029 lere
180 989 383 1039 requisitis
397 1013 409 1032 ,
429 997 474 1027 ut
491 987 767 1026 admittantur
780 988 829 1025 ad
845 988 1208 1037 participationem
1223 1016 1235 1036 ‚
1255 992 1412 1039 excipit

74 1040 127 1082 de
157 1041 406 1090 illegalitate
435 1039 592 1078 Statuti
618 1050 840 1089 numquam
871 1039 940 1077 fibi
971 1042 1106 1080 ostenfi
1125 1067 1138 1086 ,
1170 1043 1208 1081 ἃ
1223 1043 1274 1081 de
1293 1044 1407 1083 illius

75 1093 350 1134 exorbitantia
367 1119 379 1137 ‚
409 1104 502 1131 cum
521 1090 711 1130 adversus
731 1090 844 1128 illius
861 1090 1030 1131 decreta
1063 1093 1131 1140 ipsi
1147 1092 1409 1141 Capitulares

74 1147 136 1185 bis
151 1144 469 1185 reclamaverint
488 1144 527 1182 in
545 1144 620 1182 hac
635 1144 755 1182 Sacra
771 1142 1103 1193 Congregatione
1120 1146 1233 1184 annis
1259 1160 1373 1196 1754.
1397 1172 1411 1192 ,

75 1199 115 1239 8(
137 1202 249 1244 1761.
271 1198 347 1238 :Et
363 1208 468 1236 nunc
485 1196 621 1235 Causae
638 1194 958 1246 propositionem
978 1207 1125 1248 urgent
1147 1200 1291 1244 rejecti
1312 1199 1411 1239 Pre-

77 1249 234 1291 sbvteri
254 1278 265 1288 .

22 1308 78 1350 Et
94 1302 228 1352 primo
243 1300 436 1341 differunt
452 1329 465 1348 ,
495 1303 721 1344 Servitium
741 1302 1018 1342 Statutarium
1035 1316 1113 1342 non
1132 1305 1342 1353 pertinere
1360 1303 1412 1343 ad

78 1355 254 1394 titulum
269 1354 601 1403 participationis
619 1382 630 1400 ,
660 1355 709 1394 ad
728 1367 849 1405 quam
865 1356 929 1400 jus
949 1356 1179 1407 acquiritur
1203 1368 1272 1406 per
1285 1358 1414 1396 solam

74 1406 412 1458 aggregationem
428 1433 440 1452 ,
470 1416 516 1446 ut
533 1417 650 1447 notat
668 1408 777 1445 Card.
797 1409 842 1444 de
858 1409 957 1445 Luca
971 1410 1016 1445 de
1037 1410 1203 1448 Canonic.
1239 1409 1325 1458 dtsc.
1345 1423 1409 1448 22.

75 1470 215 1502 num.5.
233 1485 246 1504 ‚
276 1460 343 1498 sed
359 1458 621 1499 referendum
639 1457 715 1499 effe
743 1459 793 1498 ad
808 1459 1045 1510 obsequium
1081 1462 1128 1499 ab
1158 1460 1412 1500 Ordinandis

74 1510 337 1563 praestandum
353 1537 366 1556 ‚
399 1524 469 1560 per
487 1521 722 1561 temporum
737 1511 958 1550 intervalla
971 1537 984 1556 ,
1007 1512 1175 1560 propriae
1196 1512 1379 1552 Ecclefiae
1398 1537 1415 1557 ,

78 1576 125 1605 ex
139 1564 369 1611 praescripto
387 1563 500 1602 Sacri
516 1563 696 1605 Concilii
713 1562 954 1601 Tridentini
971 1564 1261 1613 inseffſs.23.cap.
1273 1579 1286 1603 1
1299 1579 1332 1604 1.
1345 1580 1358 1604 1
1370 1579 1404 1605 2.

77 1619 122 1662 ἐς·
140 1628 197 1658 13.
215 1617 261 1654 de
273 1614 436 1663 Reform.
452 1640 465 1660 ‚
497 1615 673 1667 ideoque
705 1614 882 1664 suppleri
901 1626 970 1663 per
986 1615 1162 1654 studium
1191 1616 1403 1657 Sacrarum

77 1668 335 1709 Litterarum
354 1694 366 1714 ,
394 1676 439 1709 ut
456 1681 527 1717 pro
540 1667 716 1708 Clericis
735 1666 977 1716 degentibus
997 1668 1036 1706 in
1055 1668 1287 1709 Seminario
1302 1696 1315 1715 ,
1341 1671 1412 1709 vel

75 1719 239 1772 publica
254 1718 531 1761 Univerfitate
546 1747 558 1766 ,
588 1728 761 1760 cavetur
775 1721 816 1756 in
830 1720 1093 1769 diflasess.23.
1111 1726 1232 1770 cap.6.
1253 1725 1295 1766 &⁴
1315 1737 1329 1761 1
1343 1737 1374 1761 1.
1393 1749 1407 1768 ‚

78 1774 203 1823 &pro
222 1772 415 1812 Diaconis
443 1773 483 1812 in
504 1773 733 1813 Seminario
751 1797 766 1817 ‚
795 1772 863 1811 vel
895 1771 1098 1812 Convic‘tu
1129 1774 1413 1815 Ecclefiastico

80 1826 427 1866 commorantibus
445 1849 458 1870 ‚
488 1826 588 1872 jussu
603 1824 794 1874 ¹Episcopi
810 1850 823 1870 ,
849 1825 1026 1865 sancivit
1043 1827 1122 1866 san.
1138 1838 1264 1866 mem.
1283 1826 1416 1866 Bene-

78 1877 213 1918 dietus
230 1876 347 1917 XIII.
365 1877 404 1916 in
422 1878 614 1917 Concilio
631 1878 815 1917 Romano
830 1880 958 1920 timo.
978 1888 1094 1928 cap.2.
1113 1904 1126 1924 ,
1159 1880 1226 1917 cui
1252 1879 1417 1918 adhaesit

78 1932 164 1971 haec
182 1929 304 1969 Sacra
321 1929 601 1979 congregatio
629 1935 668 1969 in
682 1933 812 1968 Setina
845 1943 877 1968 1.
895 1932 1108 1969 Decembris
1127 1944 1196 1978 173
1209 1946 1241 1970 1.
1269 1932 1331 1970 lib.
1352 1937 1414 1970 81.

75 1985 236 2024 Decret.
249 1991 431 2032 pag.504.
450 2012 459 2021 .
493 1983 545 2020 Et
565 1982 776 2022 Statutum
789 1981 920 2030 ipsum
938 2007 951 2026 ,
984 1992 1030 2022 ut
1052 1983 1242 2034 inquiunt
1262 1983 1419 2023 Orato-

81 2046 147 2074 res
164 2060 178 2080 ,
208 2033 358 2072 nedum
373 2034 547 2073 Clericis
564 2035 744 2083 expresse
776 2036 853 2073 hoc
871 2034 1060 2084 indulget
1076 2061 1090 2080 ‚
1116 2035 1183 2074 sed
1213 2035 1340 2074 etiam
1357 2043 1419 2072 ta-

81 2086 170 2127 cite'
203 2084 400 2125 Diaconis
417 2111 431 2130 ,
461 2086 500 2125 &
522 2086 786 2124 Subdiaconis
803 2111 816 2131 ‚
845 2097 913 2124 eos
929 2086 1109 2124 eximens
1125 2088 1172 2124 ab
1189 2099 1313 2125 onere
1329 2096 1418 2134 per-

80 2138 234 2179 sonalis
253 2137 424 2177 Servitii
442 2137 481 2177 in
497 2138 586 2178 casu
607 2137 789 2188 legitimi
808 2137 1123 2185 impedimenti,
1153 2140 1245 2176 cum
1273 2137 1418 2187 legiti-

80 2203 200 2233 mum
216 2189 564 2239 impedimentum
600 2191 753 2239 praestet
784 2189 965 2229 absentia
994 2191 1111 2229 causa
1137 2189 1254 2229 studii
1273 2215 1286 2235 ,
1316 2189 1417 2229 defi-

79 2243 220 2286 ciente
239 2242 278 2281 in
297 2242 486 2282 Civitate
502 2242 700 2282 Canusina
716 2241 946 2281 Seminario
962 2266 975 2286 ‚
998 2243 1065 2282 vel
1083 2242 1228 2282 Schola
1244 2241 1419 2285 Cantus,

80 2296 376 2338 &Literarum
409 2295 806 2340 Ecclefiasticarum‚
835 2293 976 2344 quibus
996 2296 1230 2334 incumbere
1263 2293 1417 2334 debent

81 2347 386 2397 Participantes
404 2372 418 2392 ‚
435 2359 482 2387 ex
497 2348 731 2397 praescripto
746 2347 904 2387 Statuti
919 2373 932 2393 ‚
967 2357 1011 2387 ut
1027 2347 1164 2387 idonei
1179 2347 1276 2386 fiant
1296 2346 1414 2384 Curae

85 2399 333 2444 Animarum
353 2399 551 2449 Capitulo
568 2400 831 2440 imminenti.

32 2451 236 2498 Praeterea
251 2451 508 2496 defendunt,
541 2453 713 2491 eandem
744 2452 913 2491 adhunc
942 2451 1134 2492 effectum
1162 2447 1418 2488 habendam

88 2502 168 2545 effe
185 2505 387 2547 rationem
405 2505 456 2544 de
472 2504 662 2544 Ecclefiis
676 2504 909 2549 receptitiis
929 2527 941 2546 ‚
959 2515 1004 2542 ac
1021 2504 1071 2541 de
1085 2500 1418 2545 Cathedralibus,

85 2556 156 2596 vel
173 2555 419 2607 Collegiatis
437 2583 450 2602 ‚
480 2568 651 2608 quarum
681 2555 880 2594 Canonici
912 2565 982 2603 pro
1003 2552 1315 2594 inservientibus
1346 2554 1419 2591 ha-

85 2607 263 2656 bentur,
285 2609 381 2648 dum
397 2610 536 2649 Sacras
557 2607 716 2647 Literas
734 2608 884 2647 docent
899 2631 912 2650 ‚
942 2606 1009 2645 vel
1041 2606 1254 2645 addiscunt
1270 2629 1283 2650 ‚
1311 2617 1416 2642 non..-

87 2660 246 2710 obstante
263 2659 385 2710 aliqua
399 2665 585 2701 contraria
616 2661 873 2708 consuetudine
887 2683 900 2704 ‚
933 2659 994 2697 vel
1013 2660 1046 2695 S
1048 2668 1164 2696 tatuto
1181 2682 1195 2703 ,
1213 2660 1293 2696 edm
1306 2658 1420 2714 denae

87 2712 327 2760 riofraudari
359 2727 425 2751 non
436 2717 591 2755 debeant
607 2717 646 2753 in
663 2715 790 2757 Vinea
803 2714 955 2751 Domini
984 2721 1162 2762 operantes
1183 2735 1196 2758 ‚
1226 2718 1271 2750 ut
1286 2710 1423 2758 inquit

167 2767 272 2813 rom.
286 2766 456 2807 XXXII.
826 2763 867 2805 T
1287 2762 1424 2802 Textus
