1919 2964
123 206 291 254 Sefii14.
320 214 434 258 eap.6.

96 257 142 297 de
157 259 355 307 Reformat-

517 170 561 194 ιο

528 204 874 246 ΡΟΙᾸΞἹἼΝΑ
931 206 1119 257 Episcopi
1152 208 1330 248 edietum
1361 232 1373 252 ‚
1405 209 1455 250 de
1487 221 1566 260 quo
1596 208 1649 248 est
1675 217 1849 248 contro-

555 260 677 298 verfia
711 259 768 298 ita
787 259 932 298 habet:
960 273 974 296 s
982 260 1144 299 'intendo
1158 259 1412 307 abbolitol’tso
1440 262 1502 300 del
1536 264 1580 300 To
1583 260 1725 299 mello:
1754 265 1845 305 niun

514 312 711 350 Sacerdote
727 337 740 355 ‚
777 326 794 348 o
811 313 970 349 Cbt'erico
999 314 1038 348 di
1054 314 1310 361 Ordinesagro
1327 338 1338 356 ‚
1369 326 1411 349 ne
1417 315 1555 352 ’divini
1580 315 1700 364 Officii
1715 341 1727 359 ‚
1757 328 1775 350 o
1805 319 1844 351 in

517 363 611 401 altre
618 364 793 411 funzioni
801 365 882 412 sag*
883 378 911 403 e
925 389 937 408 ‚
967 365 1070 403 molto
1081 379 1177 403 meno
1201 370 1259 414 poi
1273 365 1331 403 nel
1344 365 1494 403 celebra·
1495 381 1521 403 ·e
1537 367 1692 415 lasarlta
1706 367 1842 416 Masta,

511 417 675 466 poffafi’r
678 418 763 465 τύψ’
797 418 836 452 dt'
852 417 947 455 altra
962 417 1082 465 veste,
1111 419 1173 454 che
1200 417 1299 456 della
1325 416 1443 455 talu-e
1467 446 1476 457 .
1507 418 1672 458 Poenam
1700 419 1843 459 statuit

505 469 737 519 fitspenstonis
767 482 788 505 a
815 470 950 507 divinis
978 479 1041 518 per
1068 471 1269 520 quindecim
1296 472 1370 507 dies
1388 494 1401 514 ‚
1428 470 1643 510 reservatis
1660 471 1752 513 aliis
1783 483 1843 510 ar·-

516 521 638 560 bitrio
654 550 663 559 .
697 522 752 561 Ex
769 530 858 560 tota
873 520 1033 561 dioecefi
1052 547 1063 566 ‚
1094 535 1175 571 qua:
1190 523 1349 569 paruit,
1380 522 1841 563 ecclefiasticiComita-

517 583 584 613 tus
612 572 797 616 Nurfi-e,
827 573 964 613 Caffiae
997 601 1008 619 ‚
1037 576 1074 613 ἃ
1103 574 1234 615 Vallis
1265 575 1390 614 Nasci
1422 574 1696 614 reclamantes
1738 577 1842 614 hanc

516 626 677 665 Sacram
696 624 1069 676 congregationem
1085 626 1330 668 adiverunt.
1355 628 1502 666 Mitius
1519 641 1612 667 cum
1628 627 1686 666 eis
1704 629 1841 666 aetum

516 680 595 718 est.
626 677 846 728 Prorogata
881 681 931 718 est
957 691 1027 727 pro
1042 679 1099 717 eis
1115 692 1192 718 non
1211 692 1285 719 una
1303 680 1393 719 vice
1410 681 1471 719 lex
1491 705 1503 724 ,
1533 689 1578 719 ut
1592 680 1644 720 de
1663 680 1842 731 querelis

515 731 674 779 plenius
702 731 1038 780 cognosceretur
1069 730 1424 781 prorogationibus
1453 742 1591 772 tamen
1626 732 1842 781 proxime)

513 784 618 822 abusi
646 783 766 827 sunt,
795 795 840 821 ac
875 784 913 823 in
944 794 1106 831 poenam
1137 785 1369 823 inciderunt
1390 808 1402 827 ‚
1430 796 1450 823 a
1479 797 1555 835 qua
1584 784 1842 833 benignitate

512 836 635 880 hujus
665 834 791 875 Sacre
813 834 1153 885 Congregationis
1178 836 1381 880 absoluti,
1407 848 1509 875 nunc
1529 838 1697 905 tandem
1713 837 1760 875 ad
1779 837 1843 882 ju·-

516 886 676 926 dicium
691 896 890 927 vemunt

459 939 660 988 Allegant
679 965 692 983 ‚
721 938 855 989 quod
846 952 883 977 ln
909 938 975 978 sua
994 942 1160 991 regione
1187 939 1464 981 montoseviae
1480 941 1553 979 fint
1568 939 1840 984 difficiliores,

511 993 549 1031 δέ
580 990 827 1038 asperiores,
854 1002 975 1043 quam
1005 994 1043 1032 in
1063 992 1274 1041 planitie
1263 1005 1273 1015 ·
1301 993 1340 1032 se
1370 993 1477 1032 inter
1505 992 1768 1042 praegelidos,
1797 1004 1843 1031 ac

507 1043 668 1083 nivosos
685 1052 845 1083 montes
865 1045 1041 1086 versari‚·
1076 1046 1271 1086 maximos
1305 1045 1358 1084 ibi
1387 1045 1532 1086 imbres
1550 1071 1563 1090 ‚
1598 1054 1846 1094 perpetuum

506 1097 643 1146 gelu:
673 1094 967 1135 difficillimum
989 1099 1200 1138 transitum
1224 1099 1388 1137 deloco
1412 1099 1463 1137 ad
1480 1099 1645 1137 locum:
1674 1098 1755 1136 haec
1772 1108 1846 1136 no-

509 1147 659 1187 tiffima
676 1161 698 1187 a
715 1148 893 1197 pluribus
911 1150 1141 1189 confirmari
1162 1151 1324 1190 testibus
1341 1179 1351 1190 .

454 1201 612 1250 Augeri
641 1200 779 1240 omnia
808 1226 821 1246 ‚
862 1201 954 1251 quia
989 1203 1058 1240 sub
1082 1213 1157 1242 una
1187 1202 1378 1251 parochia
1406 1202 1540 1251 plures
1568 1201 1660 1241 sunt
1691 1202 1800 1242 villa:
1829 1226 1846 1246 ‚

504 1254 628 1292 castra
645 1278 658 1298 ,
686 1264 734 1291 ac
750 1253 894 1294 domus
923 1254 1194 1295 ruricolarum
1212 1280 1223 1299 ,
1252 1256 1387 1304 plures
1403 1254 1580 1295 ecclefiae.
1597 1253 1743 1293 filiales
1758 1252 1839 1293 dis-

506 1306 588 1344 fitae
616 1306 664 1344 ab
680 1304 936 1344 habitatione
956 1307 1121 1354 parochi
1155 1317 1225 1354 per
1244 1319 1396 1351 unum,
1430 1308 1511 1345 duo
1527 1332 1539 1351 ‚
1558 1306 1720 1349 &ultra
1737 1307 1836 1345 mil-

508 1357 652 1396 liaria.
683 1360 908 1405 parochos,
932 1370 976 1397 ac
994 1360 1254 1406 presbyteros
1280 1371 1351 1406 pro
1368 1333 1704 1398 a’Udministiandis
1710 1359 1839 1400 sacra-

508 1408 661 1449 mentis
688 1408 837 1448 debere
867 1412 943 1448 huc
973 1410 1073 1450 illuc
1101 1410 1201 1455 diu,
1231 1411 1434 1460 nostuque
1463 1411 1685 1451 cursitare:
1716 1422 1830 1455 non...

509 1462 640 1502 solum
655 1459 852 1505 difficile,
872 1471 916 1500 ut
941 1463 1214 1511 praescriptum
1239 1462 1423 1511 Episcopi
1452 1461 1673 1511 impleatur
1700 1463 1753 1506 ob
1780 1462 1851 1501 in*

508 1513 754 1556 commoda,
781 1515 818 1553 Sc
850 1513 1064 1561 pericula,
1095 1514 1161 1554 sed
1194 1515 1348 1562 prorsus
1376 1515 1527 1553 servari
1559 1527 1638 1553 non
1667 1513 1846 1563 poste.»-

513 1566 612 1606 Ideo
639 1565 795 1614 priores
825 1565 1040 1616 Episcopos
1076 1566 1127 1606 de
1152 1569 1229 1606 hoc
1254 1578 1334 1605 non
1363 1568 1527 1606 locutos
1557 1592 1570 1613 ‚
1600 1567 1670 1610 vel
1695 1567 1845 1608 saltem
1889 1590 1894 1599 ·

507 1618 689 1659 breviori
714 1618 787 1657 illa
803 1618 908 1657 veste
925 1642 937 1662 ‚
970 1630 1091 1668 quam
1105 1617 1324 1658 hodiernus
1351 1618 1561 1676 prohibuit
1579 1643 1591 1663 ,
1620 1628 1844 1660 contentos

509 1669 653 1711 ξυὶ·ἶέ,·
682 1670 721 1711 3(
738 1670 936 1719 praecipue
953 1670 1195 1720 Episcopum
1204 1669 1422 1716 Lascaris,
1451 1670 1520 1720 qui
1538 1682 1630 1711 eam
1655 1671 1777 1723 usque
1794 1673 1845 1717 ab

509 1735 615 1763 anno
635 1736 748 1770 1712.
768 1721 943 1770 expresse
960 1723 1169 1772 permifit.

457 1776 590 1824 Aiunt
616 1775 835 1815 decentem
864 1771 941 1814 else
961 1775 1107 1815 debere
1137 1775 1288 1814 vestem
1314 1774 1553 1814 clericalem
1583 1798 1596 1818 ‚
1626 1750 1695 1814 sed
1722 1787 1837 1815 nort,

506 1827 640 1885 adhue
670 1827 816 1872 injure
834 1827 1030 1867 statutum
1045 1853 1057 1872 ‚
1087 1827 1202 1872 cujus
1221 1827 1334 1866 modi
1348 1826 1425 1866 effe
1443 1826 1619 1872 debeat,
1645 1827 1714 1867 nifi
1731 1827 1841 1877 quod

507 1879 638 1928 recipi
661 1879 837 1936 debeat,
865 1891 911 1918 ac
937 1880 1111 1919 retineri
1140 1891 1187 1918 ea
1214 1904 1227 1925 ,
1257 1890 1379 1929 quam
1409 1890 1456 1918 ex
1495 1879 1578 1918 loci
1607 1879 1843 1928 qualitate»

506 1930 739 1974 communis
756 1931 844 1970 usus
873 1932 1060 1979 probavit
1100 1931 1314 1971 Cavarruv.
1327 1932 1442 1981 prati.
1447 1932 1564 1982 quaest.
1597 1941 1743 1980 cap.31.
1761 1958 1774 1977 ‚
1805 1933 1845 1974 Sc

506 1985 616 2026 alii.
614 2034 616 2037 v
644 1980 840 2025 Afferunt
871 1985 1056 2034 exempla
1082 1983 1259 2024 aliorum
1285 1983 1501 2028 locorum,
1538 1984 1577 2023 ὃ(
1603 1983 1734 2022 etiam
1760 1983 1844 2023 Ur—

506 2038 567 2077 bis
596 2063 610 2082 ‚
652 2048 698 2076 ac
718 2035 876 2077 fimilia
908 2049 957 2076 ex
984 2036 1079 2077 aliis
1110 2036 1286 2085 synodis
1325 2035 1377 2075 de
1407 2036 1514 2075 veste
1543 2035 1724 2076 breviori
1754 2046 1850 2085 per-

514 2089 654 2130 missa.

459 2142 679 2193 Episcopus
698 2140 974 2191 interrogatus
1000 2141 1207 2191 respondit
1225 2166 1238 2186 ‚
1267 2142 1306 2182 se
1324 2140 1365 2180 id
1383 2138 1520 2180 fecisse
1534 2138 1753 2181 secundum
1768 2138 1846 2180 Ca-

509 2206 636 2234 nones
655 2220 668 2239 ,
694 2193 886 2233 Concilia
904 2219 918 2238 ‚
947 2195 984 2234 ἃ
1000 2195 1113 2233 usum
1130 2195 1302 2242 aliarum
1318 2191 1848 2242 dioecesuum.1mpugnat
1911 2238 1916 2242 ,

511 2245 775 2285 incommoda
793 2271 806 2290 ‚
832 2258 915 2296 quat
937 2255 1079 2284 contra
1109 2255 1386 2295 congeruntur
1413 2258 1422 2282 :
1451 2253 1620 2284 caeteros
1645 2243 1846 2294 paruisse,

511 2306 656 2347 praeter
670 2297 777 2334 solos
795 2321 807 2340 ‚
827 2299 864 2337 Sc
880 2308 1046 2345 paucos,
1063 2298 1132 2347 qui
1145 2310 1249 2336 nunc
1266 2298 1401 2336 turbas
1420 2296 1632 2335 excitant.
1649 2296 1849 2337 Animad-

511 2350 716 2389 verfiones
733 2347 803 2387 dat
817 2349 975 2399 aliquas»=
991 2349 1051 2388 sui
1067 2349 1324 2391 Promotoris
1337 2348 1483 2389 fiscalis
1501 2374 1514 2396 ,
1533 2361 1616 2399 quae
1632 2349 1672 2415 in
1685 2349 1848 2399 scriptis

512 2403 714 2442 habentur
744 2430 753 2440 .

458 2452 805 2497 Advertendum
796 2466 834 2492 ιη
852 2448 980 2492 ἷεᾶο
985 2455 1040 2493 est
1055 2480 1069 2500 ‚
1099 2455 1228 2505 quod
1220 2443 1258 2493 in
1275 2453 1411 2493 edicto
1427 2451 1613 2492 additur:
1642 2455 1844 2493 eccettuato'

510 2510 525 2545 τ’
538 2507 731 2546 Sacerdoti
750 2506 933 2556 fhrastieri
948 2532 960 2551 ,
987 2508 1050 2544 che
1058 2468 1144 2555 sencio
1159 2510 1198 2548 di
1214 2507 1395 2557 paffaggio
1410 2531 1423 2551 ‚
1454 2519 1472 2543 e
1485 2504 1596 2555 quelli
1611 2529 1624 2549 ‚
1654 2507 1718 2545 che
1749 2520 1840 2545 ven-

503 2573 597 2610 gono
623 2559 686 2596 da'
690 2558 811 2608 luoghi
837 2558 934 2596 della
950 2560 1076 2609 diocefi
1106 2563 1144 2598 in
1175 2563 1265 2598 cinci
1277 2563 1366 2608 peri
1382 2559 1455 2596 loro
1483 2560 1658 2606 interesti,
1687 2572 1705 2596 o
1721 2571 1839 2596 vanno

511 2614 561 2652 da
581 2625 629 2653 un
644 2611 746 2662 luogo
780 2611 845 2650 all’
849 2611 942 2650 altro
967 2610 1066 2652 della
1078 2613 1204 2664 diocefi
1217 2638 1231 2660 ‚
1261 2622 1399 2652 mentre
1417 2618 1482 2663 per
1496 2611 1606 2664 questi
1626 2612 1846 2664 permeniu-

1796 2673 1850 2701 mo
