1919 2964
452 211 527 238 110

446 250 533 289 ulla
550 251 692 284 tamen
711 242 827 284 Sedis
849 239 1577 293 Apostolicae‘fficentiar“pluriesque
1593 239 1777 282 insusce·

448 300 530 351 ptis
548 297 772 336 Ordinibus
801 295 1075 334 ministrarunt
1095 325 1106 335 .
1137 293 1440 343 Suspe11fi01iem
1466 304 1706 345 propterea,
1735 297 1775 336 Sc

445 349 805 400 irregularitatem
825 349 872 387 ab
889 349 950 387 eis
968 348 1166 388 incursam
1181 347 1297 386 fuiffe
1315 356 1504 395 reputans
1521 346 1685 399 quidam
1702 346 1778 395 Ba-

444 404 559 449 ,filius
585 402 764 452 Chinigo
780 427 793 445 ,
824 413 873 439 ea
903 400 1127 446 praesertim
1151 400 1310 439 ratione
1328 425 1340 444 ‚
1366 401 1473 450 quod
1495 395 1776 440 -Antecessoris

445 454 762 503 Archiepiscopi
784 451 1026 492 Roffanenfis
1057 452 1274 492 licentiam
1289 451 1524 491 transeundi
1551 453 1600 492 de
1631 451 1777 491 Graeco

442 508 498 549 ad
515 507 709 547 Latinum
739 506 867 544 ritum
891 505 1148 544 obtinuerint
1178 504 1333 553 praefati
1361 504 1515 544 Clerici
1530 505 1665 543 ‘solum
1697 504 1782 554 post

445 561 653 610 susceptos
671 558 851 598 Ordines
866 583 879 602 ,
914 557 1008 596 illos
1025 558 1182 597 detulit
1198 559 1397 598 hodierno
1412 557 1735 606 Archiepiscopo
1763 567 1778 594 :

446 622 571 663 atque
585 612 795 651 ostendere
810 611 918 650 nisus
934 612 988 650 est
1002 610 1365 661 Archipresbyteri
1393 609 1492 649 Loci
1519 609 1750 649 testimonio
1762 615 1803 662 ‚J

440 666 605 705 nullam
623 664 855 703 utilitatem
874 690 886 709 ,
903 664 1000 713 quin
1018 663 1104 702 imo
1120 664 1447 712 perturbationes
1465 675 1484 707 ,'
1496 663 1534 702 Sc
1550 662 1647 701 lites
1666 662 1780 702 illius

446 717 605 767 Oppidi
631 717 820 755 Ecclefiae
839 716 1031 755 Graecum
1049 717 1177 756 ritum
1195 715 1589 766 profiteiiti20m1iino
1604 714 1693 753 fore
1713 714 1778 753 al—

444 771 605 809 laturos
623 769 752 808 latine
770 778 979 823 promotos
997 799 1005 809 .
1037 768 1177 818 Qare
1204 770 1355 809 moniti
1381 769 1430 807 ab
1458 767 1784 817 Archiepiscopo

441 822 579 861 iidem
593 821 751 861 Clerici
768 821 1069 870 obligationem
1087 823 1311 861 emiserunt
1328 848 1340 867 ‚
1369 822 1408 860 se
1423 820 1593 870 gerendi
1611 832 1685 867 pro
1701 819 1783 858 sus-

441 875 587 922 penfis,
606 876 644 913 Sc
661 874 966 923 irregularibus,
985 873 1114 913 donec
1129 875 1460 925 absolutionem„
1491 873 1530 912 8:
1552 872 1784 922 respestive

440 925 790 975 dispensationem
804 924 1084 973 impetrassent
1101 938 1122 966 a
1142 927 1180 965 S.
1203 926 1307 965 Sede
1327 956 1337 964 .

391 984 538 1026 Preces
571 977 720 1029 itaque
739 978 804 1017 illi
831 979 1074 1019 obtulerunt
1117 977 1503 1018 SANCTISSIMO
1534 973 1782 1016 DOMINO

442 1029 685 1070 NOSTRO
701 1053 714 1074 ,
744 1030 1045 1076 absolutionem
1062 1057 1075 1076 ‚
1092 1040 1137 1071 ut
1153 1031 1268 1081 supra
1284 1057 1306 1076 ,.
1337 1032 1374 1070 ὃς
1408 1029 1785 1077 dispensationem

441 1083 690 1132 postulantes
709 1108 722 1128 ,
743 1090 797 1122 ut
816 1082 953 1122 idonei
967 1083 1112 1123 fierent
1128 1085 1260 1123 Sacris
1279 1083 1503 1122 Ordinibus
1520 1079 1786 1130 suscipiendis

443 1135 591 1174 codem
608 1135 690 1173 ritu
707 1134 869 1173 Latino.
886 1135 940 1173 Et
959 1147 1053 1174 cum
1071 1136 1354 1184 postulationis
1371 1135 1553 1182 ejusdem
1567 1134 1786 1173 notionem

443 1186 862 1226 SANCTISSIMUS
901 1187 1122 1237 delegasset
1154 1189 1249 1228 huic
1278 1189 1405 1227 Sacra:
1429 1183 1750 1236 Congregationi
1763 1208 1783 1229 ‚

441 1238 609 1277 auditus
634 1237 717 1278 fuit
744 1239 793 1278 de
809 1251 923 1282 more
954 1241 1327 1292 ArchiepiscopuS,
1361 1240 1429 1291 qui
1455 1240 1592 1279 censet
1620 1238 1782 1278 absolu-

442 1291 574 1330 tionis
591 1318 604 1337 ‚
638 1292 676 1330 δέ
694 1292 1004 1341 dispensationis
1025 1294 1222 1334 beneficio
1242 1294 1384 1343 dignos
1402 1293 1535 1332 videri
1551 1292 1751 1330 Oratores
1768 1311 1788 1333 ‚

441 1345 538 1381 cum
556 1343 660 1382 nihil
677 1343 774 1382 dolo
791 1344 915 1393 egiffe
953 1347 1222 1394 profiteantur
1250 1359 1259 1385 :
1292 1345 1359 1393 sed
1390 1346 1497 1384 circa
1523 1353 1716 1393 optatum
1740 1341 1790 1379 ab

443 1395 504 1435 eis
519 1396 728 1436 ascensum
758 1396 808 1434 ad
825 1399 1001 1443 majores
1027 1399 1206 1439 Ordines
1222 1400 1304 1438 ritu
1319 1397 1472 1437 Latino
1489 1422 1502 1440 ,
1535 1398 1644 1436 suam
1673 1405 1787 1433 non-.-

442 1447 581 1497 aperit
600 1447 726 1486 animi
741 1448 992 1488 sententiam
1006 1475 1019 1494 ,
1039 1463 1202 1490 narrans
1220 1453 1366 1495 solum,
1386 1450 1492 1501 quod
1508 1449 1670 1488 delator
1684 1445 1787 1485 Chi-

445 1500 543 1550 nigo
558 1526 570 1545 ,
602 1500 873 1550 nonnullique
888 1502 961 1539 alii
979 1502 1162 1547 ejusdem
1181 1503 1340 1552 Oppidi
1357 1503 1633 1545 contendunt,
1650 1499 1793 1538 decer⁴

443 1551 627 1590 nendum
644 1551 721 1590 effe
739 1552 969 1590 Oratorum
983 1554 1204 1601 regressum
1223 1556 1271 1595 ad
1290 1557 1476 1593 Graecum
1490 1554 1616 1592 ritum
1632 1578 1646 1597 ,
1674 1560 1720 1589 ut
1738 1549 1792 1588 il-

443 1603 503 1642 lic
528 1602 704 1641 duorum
732 1602 889 1641 rituum
908 1603 1093 1644 evitetur
1107 1606 1288 1645 confusio
1307 1637 1317 1646 .
1347 1605 1444 1644 Tria
1464 1605 1620 1644 idcirco
1640 1614 1791 1652 propo-

444 1663 608 1694 nuntur.
620 1655 754 1694 Dubia
771 1679 785 1698 ,
816 1655 857 1694 in
875 1655 1016 1705 quibus
1034 1659 1232 1708 quaeritur
1249 1659 1298 1698 de
1315 1658 1546 1697 Oratorum
1563 1655 1792 1696 absolutio«

442 1720 514 1752 ne,
528 1719 573 1745 ac
591 1707 907 1755 dispensatione,
927 1708 1061 1758 deque
1080 1711 1246 1752 illorum
1259 1711 1426 1750 ascensu·
1437 1710 1488 1748 ad
1507 1710 1687 1754 Maiores
1704 1707 1792 1745 Or-

444 1759 586 1802 dines,
597 1761 678 1799 five
695 1760 855 1803 Graec0‚
875 1761 956 1799 five
973 1760 1123 1800 Latino
1141 1763 1224 1802 ritu
1247 1793 1256 1802 .

388 1810 463 1850 'Ad
477 1812 780 1870 absolutionem
795 1821 936 1851 autem
955 1837 968 1856 ,
1001 1815 1039 1854 Sc
1057 1814 1402 1864 dispensationem
1422 1842 1433 1862 ‚
1460 1815 1567 1865 quod
1585 1814 1742 1853 attinet
1768 1837 1786 1858 ,

444 1871 724 1912 opportunum
742 1863 909 1903 videtur
926 1865 1161 1916 inquirere,
1191 1880 1287 1907 num
1306 1878 1448 1908 revera
1477 1867 1679 1912 Oratores
1710 1865 1787 1904 in„-

445 1916 741 1974 suspensionem
760 1917 1011 1957 incurrerint
1029 1928 1196 1969 propter
1215 1921 1396 1960 Ordines
1415 1921 1651 1967 susceptosa
1670 1918 1789 1956 Lati-

444 1980 500 2006 no
515 1968 740 2018 Episcopo:
770 1970 808 2008 ὃς
826 1982 924 2008 num
945 1973 1171 2011 exercendo
1189 1972 1373 2012 Minores
1393 1973 1573 2012 Ordines
1600 1970 1670 2009 sub
1698 1969 1783 2008 sus-

442 2021 635 2077 pensione
653 2048 666 2066 ,
696 2022 1050 2071 irregularitatem
1076 2026 1356 2064 contraxerint
1374 2037 1384 2063 z
1413 2034 1458 2064 ut
1488 2032 1679 2064 autumat
1707 2022 1790 2060 Ar-

446 2073 748 2122 chiepiscopus,
761 2077 890 2114 fretus
905 2074 1211 2116 Constitutione
1226 2075 1651 2118 sammemssenedit‘ri
1670 2072 1789 2112 XIV.

447 2123 565 2166 edita
581 2136 653 2173 pro
667 2127 812 2165 ritibus
832 2125 1202 2168 Italo-Graecorum
1219 2156 1231 2175 ‚
1261 2143 1341 2180 qua’
1361 2130 1509 2178 incipit
1533 2129 1607 2175 Etfi
1625 2126 1788 2175 Pastoru-

446 2175 496 2220 ijs
514 2189 575 2222 57.
610 2187 694 2217 tom.
706 2183 823 2228 primo
853 2209 861 2218 .
895 2180 999 2218 Sane
1032 2180 1233 2221 Oratores
1251 2206 1263 2225 ,
1299 2183 1368 2232 qui
1395 2180 1591 2229 baptizati
1609 2179 1780 2216 fuerunt

447 2227 596 2266 Graeco
610 2229 692 2267 ritu
709 2254 721 2273 ,
749 2231 788 2269 in
798 2241 860 2271 ter
878 2232 1041 2268 Graecos
1059 2233 1378 2270 connumerandi
1392 2234 1484 2269 sunt
1499 2245 1513 2270 ,-
1543 2243 1623 2267 cum
1633 2239 1699 2278 per
1712 2231 1791 2268 Ba·-

446 2280 873 2333 ptzjsmumfiatsuscepti
891 2285 981 2326 ritfls
998 2285 1121 2334 Graeci
1138 2306 1150 2325 ,
1178 2284 1239 2327 vel
1251 2286 1379 2321 Latini
1402 2282 1570 2331 professio
1582 2294 1597 2321 5
1621 2285 1718 2319 itaut
1731 2281 1783 2318 ad
1818 2292 1820 2295 ·

451 2333 630 2369 Latinum
647 2336 762 2369 ritum
775 2336 938 2384 speffi'ent
955 2359 967 2379 ‚
997 2337 1058 2382 qui
1085 2336 1225 2372 Latinis
1242 2338 1456 2372 ceremoniis
1486 2336 1673 2382 baptizati
1693 2335 1784 2380 fue-

453 2387 556 2429 rint,
589 2387 652 2432 qui
670 2397 755 2422 vero
771 2389 849 2425 ritu
866 2392 990 2427 Graeco
1015 2389 1292 2425 Sacramentum
1321 2388 1499 2436 Baptffmi
1521 2387 1750 2435 susceperint
1765 2409 1785 2429 ‚

454 2439 495 2492 ἑκ.
513 2438 723 2492 Grfecorum
738 2451 883 2479 numero
900 2441 977 2486 stnt
990 2440 1171 2485 habendi,
1199 2440 1261 2478 uti
1276 2440 1430 2487 legitur
1465 2439 1505 2478 in
1523 2439 1666 2477 eadem
1681 2438 1787 2476 Con-

452 2488 670 2544 stitutione
687 2489 767 2537 §.a
780 2504 900 2537 mmm
915 2507 945 2531 1.
964 2521 975 2530 .
1006 2490 1161 2533 Verum
1175 2492 1365 2531 transitus
1385 2491 1448 2540 {de
1463 2490 1606 2530 Graeco
1633 2489 1680 2528 ad
1706 2489 1788 2528 La-

412 2583 414 2586 v
454 2540 737 2597 tinum-ritum
755 2543 1153 2583 solisEcclefiasticis
1166 2543 1450 2588 interdicitur,
1466 2543 1611 2593 absque
1628 2541 1793 2591 expres-
1838 2566 1841 2567 ν

456 2591 497 2631 sa
515 2592 631 2631 Sedis
643 2593 887 2642 Apostolicae
905 2595 1076 2635 licentia
1094 2608 1104 2634 ε
1134 2596 1272 2635 Laicis
1285 2608 1386 2635 vero
1401 2621 1413 2641 ‚
1440 2606 1480 2634 ut
1493 2598 1541 2632 ad
1563 2600 1674 2633 ritum
1689 2597 1791 2632 Lati·-

456 2655 545 2680 mcm
561 2646 712 2692 tranfire
723 2650 859 2696 possint
875 2673 888 2694 ,
915 2650 1105 2699 Epzscopus
1134 2649 1364 2696 Dioecesanus
1384 2657 1447 2696 pro
1453 2648 1524 2695 fita
1544 2649 1787 2697 prudentia-1

454 2699 671 2743 permittere
688 2700 789 2736 valet
803 2726 817 2746 ‚
845 2703 959 2746 juxta
973 2699 1184 2738 censuram
1205 2699 1379 2748 praefatae
1397 2699 1711 2738 Constitutionis
1728 2699 1789 2734 di-

460 2746 510 2784 ἴῖθ
531 2754 567 2789 5.
592 2759 625 2784 2.
642 2761 740 2788 num.
762 2765 821 2800 14.
843 2779 856 2799 ‚
885 2765 979 2793 cum
1004 2762 1080 2800 qua
1109 2751 1330 2792 concordat
1345 2751 1518 2801 Epistola
1536 2751 1791 2839 Encyclica-s,

1696 2815 1760 2848 eju
1782 2813 1803 2835 ’Ἴ
