1889 2959
1386 134 1430 160 21

102 188 172 216 cur
186 175 368 215 defun&
385 176 575 215 voluntas
594 180 737 216 contra
749 174 1018 226 apertissimas
1035 173 1194 217 tabulas
1219 174 1420 218 immute-

111 239 178 267 tur
196 258 204 266 .

53 280 264 331 Qudquid
281 280 328 320 fit
340 278 391 319 de
406 281 465 319 his
481 280 666 321 omnibus
683 307 695 326 ‚
713 292 798 332 qut
818 281 857 319 in
873 279 1082 330 utriusque
1105 280 1233 328 partis
1252 279 1416 329 scriptis

102 333 365 372 cumulantur
381 358 392 376 ,
412 343 572 372 certum
589 334 657 377 est,
673 333 779 383 quod
800 335 962 372 testator
987 332 1051 369 ubi
1073 333 1204 371 voluit
1223 331 1319 371 dare
1335 333 1417 380 pri-

102 397 171 424 mo
190 384 390 434 legatario
410 385 646 424 libertatem
665 385 811 435 ubique
828 384 1060 424 celebrandi
1078 384 1187 423 sacra
1207 410 1218 428 ‚
1246 397 1336 425 eam
1356 396 1420 423 ex-

107 434 247 485 preffis
261 436 392 477 verbis
403 437 598 477 conceffit
620 449 725 477 :non
744 436 784 475 id
799 435 986 484 expreffit
1004 437 1043 475 in
1059 437 1258 485 legatario
1272 436 1417 477 secun-

106 486 160 526 do
179 517 187 529 .
207 487 378 526 Certum
398 490 450 529 est
466 491 699 528 testatorem
712 486 974 528 considerasse
992 491 1096 531 hunc
1125 489 1346 529 secundum
1363 489 1423 528 le-

107 541 310 589 gatarium
328 541 393 579 vel
414 540 474 580 uti
493 542 573 584 jam
589 541 841 579 sacerdotem
861 564 874 582 2
891 540 956 581 vel
977 540 1124 590 ntiqui
1156 541 1205 580 ad
1246 541 1427 580 sacerdo-

116 592 225 632 tium
242 591 455 632 ascendere
484 590 708 634 debuisset,
738 593 843 641 quod
875 604 944 640 per
973 592 1256 633 conditionem
1286 593 1428 640 legato

110 643 263 685 adiecit
279 672 288 683 .
306 644 415 685 Huic
434 642 608 683 secundo
625 644 825 692 legatario
845 645 911 683 vel
931 644 1160 686 sacerdoti,
1190 646 1256 682 vel
1272 645 1429 684 clerico

113 695 162 739 ad
179 695 450 736 sacerdotium
466 695 701 744 properanti
716 695 1039 736 celebrationem
1056 696 1260 738 sacrorum
1293 695 1428 739 injun-

112 750 174 789 xit
187 771 200 790 ‚
216 749 254 787 8<
270 747 509 789 continuata
528 749 743 786 verborum
758 747 1046 789 coniunctione
1066 774 1077 792 ,
1107 761 1191 798 qua:
1213 757 1433 797 utrumque

115 800 252 839 casum
264 800 485 848 complecti
504 800 670 844 videtur
684 825 696 843 ,
713 812 758 838 ea
777 801 885 842 sacra
900 800 1142 842 celebranda
1159 799 1237 845 esse
1266 800 1307 843 in
1324 809 1434 844 terra

117 850 287 893 Liburni
303 851 496 900 praecepit
513 881 524 891 .
1244 881 1248 885 ·

65 901 248 943 Unicum
262 903 477 945 discrimen
496 902 620 952 posset
636 904 743 944 inter
761 913 981 954 utrumque
999 905 1134 944 casum
1150 902 1312 949 afferri,
1329 904 1438 955 quod

114 954 308 997 Moirano
321 968 398 994 nou
427 956 636 995 sacerdote
654 981 678 1007 ,μ
701 956 769 1007 qui
792 968 862 1004 per
890 956 1019 999 alium
1050 956 1256 999 celebrare
1269 956 1448 1000 debebat

121 1007 217 1046 ideo
250 1020 298 1046 ue
318 1008 498 1056 integros
516 1008 643 1057 legati
658 1006 814 1049 truCtuS
832 1008 1045 1058 percipere
1063 1021 1138 1047 non
1156 1007 1441 1056 poteratmihil

118 1061 207 1106 ejus
240 1058 385 1100 ortaffe
402 1060 599 1102 intererat
617 1072 664 1099 an
681 1060 818 1103 Roma:
835 1086 848 1104 ,
873 1061 937 1099 vel
973 1060 1138 1101 Liburni
1152 1062 1260 1099 sacra
1277 1073 1441 1109 perage-

122 1122 333 1156 rentur,ac
348 1120 563 1161 propterea
581 1114 656 1155 hoc
674 1114 762 1155 casu
779 1112 1060 1156 sacraLiburni
1077 1112 1315 1155 celebranda
1331 1112 1447 1151 dixe·-

119 1167 178 1207 rit
191 1179 205 1205 ,-
220 1164 459 1205 Moiranum
478 1175 576 1216 vero
590 1164 674 1209 jam
689 1164 946 1206 sacerdotem
964 1166 1039 1207 hoc
1068 1164 1287 1207 commodo
1316 1165 1447 1213 perci-

114 1215 254 1267 piendi
273 1215 454 1264 integros
475 1215 626 1258 inustus
645 1243 657 1261 ,
670 1218 768 1255 dum
784 1224 965 1264 poterat,
989 1215 1150 1264 privare
1180 1216 1315 1254 noluit
1333 1245 1342 1255 .
1369 1216 1448 1255 Vi-

115 1267 298 1311 dendum
315 1279 408 1307 num
430 1270 513 1307 haec
532 1267 825 1320 interpretatio
839 1269 1060 1309 conveniat
1075 1268 1206 1308 verbis
1226 1269 1445 1308 testamen·-

116 1322 180 1366 ti,
197 1321 266 1362 vel
284 1319 522 1362 adversetur
538 1347 549 1363 2

68 1373 245 1427 Qando
263 1375 343 1410 haec
362 1372 654 1418 interpretatio,
674 1385 751 1411 non
770 1373 931 1420 placeat
947 1394 963 1415 ,ν
984 1381 1128 1415 extera
1146 1397 1160 1415 ,
1188 1385 1273 1421 quae
1303 1371 1446 1410 dicun-

116 1435 185 1465 tur
204 1423 257 1468 de
285 1423 407 1464 modo
427 1449 438 1468 ‚
459 1424 495 1464 8<
510 1424 749 1462 conditione
771 1433 961 1464 extranea
984 1423 1115 1462 videri
1136 1423 1288 1470 poffent
1308 1453 1318 1462 .
1348 1423 1443 1462 Non

123 1477 234 1516 enim
251 1475 318 1518 hic
335 1477 470 1525 agitur
486 1476 535 1516 de
554 1476 751 1524 privando,
769 1476 1016 1525 legatarium
1032 1501 1044 1520 ‚
1064 1475 1133 1524 qui
1151 1476 1314 1519 modum
1333 1488 1446 1519 non-2

124 1527 349 1577 implevit,
362 1527 430 1569 sed
445 1527 495 1566 de
515 1539 590 1566 non
611 1528 874 1570 admittendo
891 1528 939 1566 ad
956 1528 1141 1576 legatum
1157 1552 1169 1571 ‚
1189 1528 1258 1576 qui
1275 1529 1445 1565 testato-

121 1581 178 1620 ris
199 1581 476 1623 voluntatem,
491 1580 528 1618 ὃ(
543 1591 641 1620 onus
663 1579 891 1622 inium‘tum
909 1580 1079 1626 implere
1099 1590 1202 1629 nequ
1212 1580 1243 1617 it
1261 1607 1271 1617 .
1293 1578 1447 1623 Iccirco

119 1632 242 1672 unice
257 1631 546 1682 inquirendum
561 1629 778 1678 superesset
794 1658 806 1676 ,
823 1643 917 1674 num
936 1632 1001 1669 hic
1020 1631 1058 1669 Sc
1077 1641 1180 1669 nunc
1198 1632 1296 1677 justa
1326 1631 1444 1674 causa

121 1682 315 1728 afferatur
347 1683 567 1731 derogandi
595 1682 646 1722 de
671 1686 760 1733 lege
789 1682 1024 1727 testamenti
1052 1710 1067 1727 ‚k
1095 1682 1326 1726 Maximum
1360 1685 1438 1729 hoe

120 1734 400 1779 controverfia:
417 1735 549 1773 omnis
567 1744 824 1779 momentum
839 1736 906 1779 est2

73 1787 152 1828 Sed
169 1800 247 1826 non
268 1787 668 1843 praetermittendum
685 1814 698 1832 ,
730 1788 836 1837 quod
849 1786 1048 1835 disputari
1061 1786 1188 1834 posset
1204 1812 1217 1832 ‚
1232 1801 1330 1828 num
1360 1789 1443 1832 haec

120 1852 222 1880 vere
235 1839 458 1880 constituta
474 1839 705 1885 capellania
721 1839 893 1880 dicenda
909 1839 954 1876 fit
968 1864 981 1883 ,
1012 1838 1077 1876 seu
1096 1842 1232 1886 pot-ius
1262 1849 1377 1880 certa
1393 1840 1442 1876 fit

124 1892 394 1939 eleemosyna
411 1892 546 1939 legata
560 1903 631 1938 pro
648 1900 764 1929 certo
779 1892 982 1931 sacrorum
997 1901 1166 1934 numero
1187 1922 1200 1936 2
1226 1892 1446 1937 Rationem

123 1942 341 1987 dubitandi
354 1941 509 1983 faciunt
529 1942 610 1989 ipsa
625 1946 744 1984 verba
760 1942 994 1983 testamenti
1011 1965 1024 1984 ‚
1047 1943 1085 1981 ἃς
1103 1944 1278 1986 maxime
1295 1943 1447 1984 ultimo

122 1995 223 2034 Joco
239 1995 361 2043 pofita
379 2019 392 2038 ,
412 2006 496 2043 quae
519 1993 612 2037 ideo
628 1995 741 2042 supra
761 1994 1001 2041 transcripta
1015 1994 1103 2033 sunt
1121 2007 1240 2037 ‚cnm
1260 1995 1309 2032 de
1327 1998 1449 2032 haere-

122 2046 245 2087 [dibus
262 2047 427 2088 testator
448 2045 632 2095 loquitur
645 2071 657 2090 ,
673 2046 813 2095 quibus
832 2056 932 2084 onus
950 2045 1152 2087 sacrorum
1169 2046 1342 2091 iniunxit
1357 2056 1452 2083 cum

121 2097 398 2150 keleemosyna
415 2096 544 2138 solum
563 2097 773 2141 manuali,
804 2097 869 2135 vel
900 2107 1041 2138 eorum
1070 2097 1267 2140 arbitratu
1299 2097 1451 2141 danda.

130 2149 306 2198 (Qando
321 2158 461 2189 autem
477 2147 896 2196 institutacapellania
915 2146 999 2189 dici
1018 2157 1213 2198 nequeat,
1229 2147 1454 2193 videndum

128 2201 230 2242 effet
249 2213 346 2240 num
361 2202 497 2242 locum
526 2201 693 2240 haberet
712 2200 906 2241 canonica
920 2200 1074 2247 regula,
1092 2209 1137 2238 ut
1152 2201 1364 2250 subrogato
1384 2211 1456 2248 pro

124 2253 384 2295 celebrandis
410 2252 528 2294 sacris
555 2252 713 2301 integra
740 2251 1002 2298 eleemosyna
1036 2251 1181 2296 detur.
1213 2253 1297 2292 Sac.
1326 2251 1452 2299 Cong.

128 2309 232 2354 ,hanc
249 2306 431 2353 regulam
450 2304 629 2343 servavit
648 2307 685 2342 in
701 2304 880 2346 Romana
908 2305 1296 2354 retenttonisstipendii
1326 2303 1457 2349 Mffa-

125 2371 214 2396 sum
232 2371 266 2404 7.
285 2357 382 2397 Maii
406 2360 518 2402 1672.
536 2356 780 2402 lib227.decr.
797 2365 973 2406 pag.374.
991 2357 1033 2398 &¹
1061 2358 1120 2393 die
1139 2370 1197 2394 21.
1222 2359 1453 2399 febr.1688.

132 2409 362 2452 lib.38.‹lecr.
378 2413 533 2458 pag289.
551 2437 559 2446 .
577 2408 669 2446 Hoc
683 2408 772 2447 casu
787 2433 799 2452 ,
828 2407 956 2446 etiam
979 2407 1060 2455 post
1082 2409 1293 2446 obtentam
1330 2404 1461 2445 facul-

132 2468 272 2507 tatem
287 2460 526 2511 subrogandi
542 2459 699 2504 alium,
727 2459 878 2499 inutile
903 2459 973 2502 fibi.
1003 2457 1216 2499 Moiranus
1246 2460 1458 2508 legatum-2

139 2520 306 2559 peteret
323 2542 333 2554 ,

82 2563 162 2603 EF..
178 2562 254 2603 PP.
273 2564 410 2607 omnia
426 2572 470 2604 ut
486 2563 618 2603 solent
634 2569 827 2606 accurate
843 2560 1178 2610 circumspicient
1197 2586 1210 2607 ‚
1227 2574 1271 2600 ac
1289 2561 1459 2611 pruden-

133 2624 206 2655 -ter
224 2615 293 2653 suo
307 2627 423 2659 more
443 2616 610 2657 edicent

82 2665 116 2706 1.
128 2669 214 2710 =An
225 2669 397 2718 Legatum
417 2670 599 2709 Giordani
613 2680 694 2707 cum
707 2681 808 2708 onere
821 2666 1070 2708 celebrationis
1096 2666 1203 2714 miffae
1229 2666 1446 2715 quqtnjdianae

127 2754 135 2772 i
414 2767 451 2774 .„
1377 2717 1441 2766 spe
1452 2734 1463 2744 ·
