1919 2964
509 170 534 205 6

480 179 698 258 ierminis
689 218 728 257 in
748 217 852 256 locis
861 216 1025 257 ·haberi
1033 214 1221 257 maximo-
1229 217 1449 257 commodo
1468 217 1634 259 *civium
1648 228 1663 263 ‚·
1676 219 1828 291 eugeni
1851 222 1862 234 ·'

481 283 530 309 ex
549 271 597 308 iis
613 270 694 309 loci
713 269 991 320 frequentiam
1011 296 1024 314 ‚
1046 271 1305 318 gratiamne-
1323 268 1597 324 dignitatem
1625 306 1629 308 .
1658 286 1665 290 ·

432 324 654 379 Episcopus
670 321 1004 361 commutationi
1012 321 1155 361 favet
1147 349 1160 367 ‚
1174 335 1220 362 ac
1231 321 1367 360 multa
1396 333 1436 360 m
1453 335 1546 362 eam
1564 325 1659 389 rem'
1684 323 1825 398 dicit?

485 387 569 425 quae
589 374 629 412 in
649 376 735 420 ejus
753 375 966 414 relatione·
978 374 1160 414 videnda
1179 375 1293 414 suut.
1454 392 1458 396 ·
1536 386 1584 399 t

433 427 559 476 Qod
577 427 712 476 agitur
730 427 782 466 de
806 436 947 466 mente
966 437 1011 466 ac
1026 428 1247 468 voluntate
1283 426 1488 465 testatoris
1506 453 1519 471 ‚
1551 408 1677 468 certe
1697 428 1747 468 de
1767 428 1829 468 his

479 479 722 518 mulieribus
740 491 819 518 non
832 479 1041 529 cogitavit
1056 504 1069 522 ‚
1066 480 1307 531 neque-eas
1320 479 1544 527 cognovit,
1555 491 1740 528 quarum
1757 494 1822 520 re-

479 543 575 572 cens
596 531 805 571 instimtio
825 533 877 572 est
894 548 908 575 ·‚
923 532 963 572 Bc
983 533 1200 581 quaenulla
1215 540 1338 572 certa-
1352 532 1471 571 vestis
1490 531 1623 571 forma
1639 557 1651 576 ‚
1668 533 1736 572 fed
1759 531 1830 573 fa-

481 583 638 624 miliari
656 584 798 634 regula
816 585 855 624 in
870 584 1039 623 domum
1059 586 1312 643 conveniunt
1327 610 1339 629 ‚
1362 583 1399 623 in
1428 597 1473 623 ea
1504 585 1620 622 simul
1647 583 1792 623 vivunt
1812 611 1826 629 ,

481 636 642 687 puellas
661 636 887 676 educandas
919 637 1031 675 dorni
1062 638 1279 696 recipiunt
1286 662 1314 681 ‚
1338 636 1526 686 quotidie
1556 636 1746 677 domum
1755 648 1827 677 ve-

481 690 644 730 nientes
660 690 819 739 puellas
836 690 1052 763 instruunt,
1072 690 1202 729 un'de
1193 690 1241 729 iis
1272 689 1519 738 magistratum
1545 700 1696 728 nomen
1715 700 1827 739 qua:-

480 743 603 782 fitum
616 744 698 784 est.
926 763 928 766 .
956 761 958 764 v

430 795 676 846 Appellatio
702 797 742 832 di
772 797 889 832 Suore
907 820 919 839 ,
945 808 962 831 o
991 795 1170 833 Monache
1194 794 1415 835 secundum
1436 803 1646 843 receptam
1675 805 1830 833 vocum

481 849 534 897 fig
540 847 821 886 nificationem
838 854 907 895 per
924 857 970 884 ea
990 870 1004 890 ‚
1020 860 1106 896 quae
1123 849 1290 887 testator
1319 847 1396 885 dix
1394 857 1436 892 t,
1458 847 1729 886 dubitandum
1759 847 1839 895 vi-j
1859 850 1871 873 ’-

482 901 603 939 detur
617 923 631 943 ‚
653 911 747 937 num
764 899 893 937 solum
910 901 1235 948 comprehendat
1251 900 1483 939 claustrales
1497 899 1690 938 faeminas.
1696 898 1830 948 Quid-

482 950 579 1010 quid
594 950 708 990 enim
721 951 766 989 fit
782 962 837 991 an
848 951 1168 1010 voxSuore,quod
1181 953 1366 991 nativum
1383 963 1532 991 nomen
1540 951 1830 1002 consanguini-

481 1004 582 1044 tatis
596 1003 769 1049 est‚&ad
784 1015 1051 1043 communem
1074 1004 1182 1044 inter
1193 1006 1437 1045 claustrales
1452 1005 1702 1045 charitatem
1715 1004 1831 1053 figni-

481 1056 682 1097 ficandam
699 1057 963 1100 translatum,
980 1057 1108 1095 etiam
1124 1057 1316 1097 latiorem
1334 1059 1561 1115 aliquando
1571 1056 1826 1114 fignificatio·

480 1120 579 1149 nem
594 1108 936 1172 accipiausorores
950 1109 1108 1148 etenim
1124 1109 1424 1160 dicuntur‚quae
1439 1109 1551 1149 domi
1566 1110 1640 1148 suae
1660 1109 1825 1153 vivunn,

481 1163 522 1202 Sc
540 1163 665 1210 vulgo
692 1163 872 1199 tertiariae
885 1161 1385 1213 vocitanturssorores‚quae
1399 1163 1528 1201 alicui
1544 1161 1668 1200 sodal
1675 1162 1735 1199 tio
1753 1161 1825 1200 ad-

481 1214 642 1263 scriptae
655 1213 763 1254 sunt3
777 1212 825 1253 ad
842 1213 1159 1263 intelligendam
1174 1226 1272 1253 vero
1288 1225 1471 1254 mentem
1488 1215 1690 1253 te¹³atoris
1703 1225 1824 1261 opor*

482 1275 546 1305 tet
560 1265 762 1316 praecipue
776 1265 976 1324 inspicere
993 1278 1072 1304 non
1087 1268 1209 1306 verba
1221 1268 1269 1305 ab
1293 1267 1483 1306 oratione
1521 1266 1708 1305 abstrasta
1725 1291 1738 1309 ‚
1746 1263 1822 1303 sed

481 1317 615 1367 ipsum
634 1317 835 1357 orationis
865 1318 1088 1358 circuitum
1104 1335 1131 1364 9
1150 1319 1508 1358 continuationem
1523 1344 1536 1363 ‚
1567 1330 1613 1356 ac
1641 1320 1820 1355 circum-

479 1370 755 1418 scriptionem
768 1396 781 1415 ,
799 1379 851 1409 ut
862 1381 915 1409 ex
927 1370 1078 1420 scripta
1095 1372 1265 1420 periodo
1282 1370 1473 1411 videatur
1508 1368 1607 1423 quid
1637 1368 1798 1409 dixerit
1803 1393 1820 1415 ‚

483 1421 583 1474 quid
597 1421 880 1462 intellexerit.

432 1475 617 1519 Maxime
628 1484 724 1515 cum
753 1472 831 1513 non
862 1474 1087 1525 incongrue
1113 1476 1324 1516 diceretur
1346 1477 1485 1525 sorores
1501 1487 1632 1518 vera,
1647 1475 1687 1514 Sc
1703 1485 1819 1512 com-

488 1527 607 1567 muni
619 1526 917 1577 fignificatione
932 1528 1137 1577 praecipue
1151 1528 1347 1579 appellari
1365 1540 1432 1568 eas
1444 1529 1673 1567 claustrales
1689 1551 1702 1570 ‚
1721 1536 1817 1577 quae

486 1580 560 1620 sub
604 1579 758 1628 regulis
813 1578 1145 1619 Mendicantium
1184 1581 1334 1620 vivunt
1361 1607 1374 1626 ‚
1411 1594 1495 1631 quae
1541 1579 1702 1629 proprie
1744 1578 1811 1627 sb-

484 1645 606 1670 rorum
638 1631 944 1679 nuncupatione
958 1640 1158 1672 utunturJ
1189 1629 1361 1673 moniales
1389 1646 1488 1673 vero
1521 1645 1589 1688 eas
1607 1657 1620 1677 ‚
1637 1643 1728 1683 quae
1746 1630 1816 1669 sub

483 1697 555 1734 reg
561 1682 642 1723 ulis
658 1682 989 1723 Monachorum.
1806 1703 1811 1712 ·

435 1737 484 1778 In
501 1747 591 1775 eam
608 1748 694 1774 rem
711 1735 905 1786 faceretq
912 1736 990 1774 uod
1009 1737 1173 1775 testator
1190 1736 1271 1784 ipse
1286 1736 1335 1777 de
1355 1737 1434 1776 suis
1463 1736 1594 1776 tribus
1621 1735 1782 1774 filiabus
1801 1751 1815 1778 ·‚

485 1798 574 1839 quae'
589 1789 845 1827 claustralem
872 1789 1003 1828 vitam
1034 1789 1356 1837 profitebantur,
1382 1789 1477 1827 dum
1507 1788 1648 1827 iisdem
1678 1788 1815 1836 legata
1838 1794 1846 1808 ³

481 1840 615 1886 fecit,
634 1839 737 1881 dixit
756 1839 831 1877 alla
847 1841 952 1878 molto
961 1842 1179 1879 Reverendo
1195 1844 1383 1880 Ludovica
1397 1842 1554 1880 Monaca
1567 1845 1606 1878 in
1633 1839 1810 1883 Ferrara,

477 1893 561 1932 alla
580 1893 684 1930 molto
701 1895 918 1930 Reverentia
932 1895 966 1929 S
966 1906 1030 1931 πον
1043 1894 1144 1932 Fede
1157 1895 1326 1932 Vittoria
1351 1895 1505 1943 professa
1531 1893 1590 1931 nel
1610 1891 1814 1941 Monastero

482 1945 583 1984 della
597 1945 783 1982 Madonnu
800 1943 862 1981 del
874 1943 908 1980 F
909 1958 992 1982 uoco
1007 1949 1045 1982 in
1060 1943 1238 1991 Faenza:
1255 1946 1328 1983 olla
1342 1947 1448 1983 molto
1460 1947 1683 1984 Reverendo
1710 1946 1810 1983 Suor

487 1998 619 2046 Teresa
627 1998 784 2046 profeſsa
798 1997 858 2034 nel
872 1997 1074 2046 Monastero
1089 2000 1132 2036 di
1144 1998 1378 2047 Modigliana
1394 2009 1449 2037 tre
1465 1998 1526 2048 fig
1528 1999 1611 2036 liole
1641 2000 1715 2042 &a
1744 2008 1811 2034 vo·

485 2050 591 2091 londo
605 2052 670 2087 che
680 2051 903 2098 dettepagbe
917 2050 1103 2099 annualifi
1088 2051 1352 2100 tdupplichino
1383 2065 1405 2088 a
1421 2051 1559 2098 favore
1587 2049 1684 2089 delle
1707 2049 1811 2086 detto

478 2101 696 2146 Monache‚o
711 2103 859 2140 Suore.
879 2100 1054 2141 Inferius
1069 2114 1167 2141 vero
1185 2105 1354 2152 loquens
1372 2102 1423 2143 de
1440 2102 1532 2142 aliis
1550 2103 1679 2142 tribus
1704 2100 1807 2139 filia-

479 2155 553 2193 bus
572 2153 780 2202 innuptis:
794 2152 1019 2203 Esacendosi
1029 2157 1162 2200 Suore,
1177 2169 1195 2192 o
1218 2155 1396 2194 Monaehe
1426 2156 1460 2193 le
1480 2157 1630 2205 sudette
1655 2156 1806 2202 Signore

472 2207 544 2257 sue
557 2208 590 2245 F
591 2207 678 2254 agite
693 2229 706 2250 ‚
722 2220 739 2243 o
755 2206 883 2244 alcuna
897 2208 938 2244 di
953 2208 1025 2254 este
1035 2206 1094 2255 gli
1110 2210 1223 2245 Eredi
1232 2208 1290 2255 gli
1301 2209 1457 2245 debbano
1474 2209 1562 2245 dare
1576 2207 1611 2244 la
1625 2209 1806 2249 dote‚con=-

471 2259 594 2307 forme
608 2257 647 2296 al
661 2259 850 2307 monastero
860 2283 874 2303 ‚
889 2260 950 2296 uel
961 2259 1065 2307 quale
1071 2259 1228 2305 faranno
1241 2274 1257 2295 o
1261 2259 1348 2306 sard
1356 2260 1552 2307 prosffione
1581 2272 1643 2296 con
1668 2259 1758 2297 tutti
1772 2254 1804 2294 li

470 2312 554 2360 suoi
561 2308 803 2359 suppellettili
819 2323 840 2348 e
851 2309 974 2347 mobili
987 2311 1160 2356 conforme
1173 2302 1298 2360 losti'le
1310 2311 1372 2348 del
1387 2311 1576 2375 monastero
1590 2336 1602 2355 ,
1632 2325 1650 2348 e
1671 2311 1710 2346 di
1735 2309 1801 2357 pit>

479 2366 564 2411 ogni
579 2375 667 2399 anno
681 2364 721 2399 di
738 2366 798 2401 18.
803 2362 915 2410 scudt
923 2371 989 2411 per
1005 2362 1373 2413 ciust-hedunafinche
1399 2365 1529 2402 vivero
1546 2388 1558 2406 ‚
1589 2377 1606 2400 o
1632 2366 1802 2401 viverun-

480 2413 524 2455 ψἰο
537 2438 551 2458 ,
568 2415 730 2453 dovendo
747 2415 858 2452 anche
871 2417 960 2452 dare
977 2414 1008 2452 il
1020 2415 1135 2462 legato
1152 2415 1248 2452 delle
1254 2416 1404 2464 sudette
1417 2417 1603 2460 monache(
1620 2428 1675 2454 ex
1690 2414 1712 2451 s
1709 2426 1729 2451 u
1737 2422 1798 2455 nt,

479 2477 579 2517 quas
594 2466 707 2516 supra
726 2466 952 2516 appellavit
964 2468 1079 2506 Saore
1094 2492 1106 2511 ,
1122 2480 1139 2502 o
1152 2467 1332 2505 Monache
1348 2471 1361 2512 )
1388 2469 1542 2506 durante
1567 2465 1605 2504 la
1634 2467 1709 2504 loro
1723 2468 1803 2502 vita

484 2519 654 2558 naturale
664 2519 917 2566 dovcndosare
931 2519 967 2556 Iu
986 2522 1155 2557 renuncia
1166 2518 1229 2556 del
1242 2521 1376 2568 refiduo
1390 2524 1428 2560 in
1439 2519 1494 2556 tal
1509 2519 1584 2567 caso
1613 2521 1651 2556 di
1681 2529 1802 2554 mona*

479 2572 580 2620 earst.
585 2570 658 2609 Hae
671 2583 692 2609 c
708 2573 828 2620 plane
846 2571 1129 2610 demonstrant
1148 2573 1382 2612 testatorem
1409 2571 1634 2620 promiscue
1653 2578 1804 2609 utram-

482 2634 561 2670 que
577 2635 721 2662 vocem
750 2634 822 2672 pro
852 2623 1128 2662 claustralibus
1155 2623 1272 2672 usurp
1278 2622 1353 2662 affe
1380 2652 1390 2661 .
1421 2622 1473 2660 Ex
1508 2624 1651 2662 littera
1682 2621 1804 2659 testae

474 2674 613 2711 menti
628 2674 778 2731 inquiri
797 2675 948 2714 veritas
964 2674 1101 2718 debet,
1116 2687 1164 2713 ea
1177 2674 1306 2714 solum
1328 2676 1380 2714 est
1395 2674 1582 2723 legitima
1601 2675 1734 2719 inter}
1741 2684 1803 2710 re·-

485 2724 721 2766 canditatio
735 2739 750 2768 ,·
763 2736 911 2768 caetera
929 2726 1204 2768 subtilitatem
1222 2728 1409 2769 redolent
1424 2751 1438 2773 2
1455 2739 1500 2768 ac
1518 2737 1562 2768 ut
1579 2726 1800 2777 plurimum

1733 2787 1805 2814 {C-
