1919 2964
48 1362 132 1410 Cap,
162 1365 201 1398 6.
226 1361 318 1409 Sess.
327 1375 344 1399 2
354 1375 385 1400 2.

55 1415 97 1450 de
111 1416 268 1465 Reform.

493 183 562 216 190

490 223 546 260 ria
571 217 829 258 indifferenti
848 243 861 263 ‚
890 218 928 257 Sc
956 229 1040 267 quae
1061 216 1217 254 nullam
1247 215 1478 265 agnationis
1504 217 1827 266 contemplatio-

488 284 578 311 nem
600 272 915 318 importat‚vere
943 269 1025 306 dici
1055 269 1200 307 debeat
1230 277 1366 306 extare
1385 269 1422 307 in
1448 268 1608 310 familia
1636 280 1824 309 contem-

491 324 602 372 plata
621 337 636 362 2·
665 323 783 361 itaut
801 323 1177 361 nomenBarberium
1205 322 1278 358 stet
1307 321 1427 359 unice
1458 323 1497 360 in
1517 324 1637 369 casu,
1665 323 1715 362 de
1744 334 1824 373 quo

491 375 651 424 agitur,
680 374 729 413 ad
750 374 1044 413 monstrandam
1072 373 1277 421 originem
1296 401 1305 410 .
1335 372 1499 421 Apertae
1519 375 1559 412 in
1586 379 1691 414 hanc
1718 387 1826 425 quae·

488 429 657 466 stionem
675 428 765 465 sunt
784 427 930 478 ubique
961 425 1065 474 apud
1078 424 1170 463 DD.
1188 425 1503 475 theoricae,quas
1522 426 1586 466 hic
1603 439 1823 478 congerere

491 480 671 518 otiosum
689 478 788 518 esset
804 509 814 518 .

439 533 518 571 EE.
539 532 616 570 ΡΡ.
635 532 773 579 itaque
789 533 859 570 sua
882 531 1156 573 maturitate,
1176 541 1221 568 ac
1239 529 1458 579 prudentia
1478 543 1564 570 rem
1581 530 1752 571 fortaffis
1770 532 1826 570 ita

491 586 778 632 temperabunt
797 611 807 629 ,
829 594 874 622 ut
893 597 1029 634 neque
1053 582 1292 632 propinquis
1310 582 1442 631 pietas
1459 609 1470 627 ,
1487 585 1524 623 ὃς
1539 585 1827 624 benevolentia

492 636 712 675 testatricis
748 637 786 674 iu
806 635 1127 675 testamentariis
1157 634 1309 674 tabulis
1332 635 1747 686 pandita,opportune
1762 645 1827 675 ta·-

491 689 646 733 men,&
662 688 731 727 suo
748 689 857 733 loco,
878 690 915 728 Sc
933 698 1119 734 tempore
1148 688 1249 726 desit
1273 711 1285 731 ‚
1302 699 1434 738 neque
1462 691 1562 738 Opus
1585 693 1687 739 pium
1713 689 1824 727 into-

493 741 663 780 lerabile
680 741 873 780 damnum
892 740 1041 780 sentiat
1071 770 1080 778 .
1097 739 1281 778 Dubium

442 794 513 832 An
524 795 574 843 stt
585 794 677 830 locus
698 796 933 844 exequutioni
962 793 1148 839 Rescripti
1165 794 1253 830 Sac.
1275 795 1565 841 congregationis
1582 796 1674 832 editi
1698 796 1743 831 de
1762 806 1826 830 an·-

545 860 587 883 no
607 859 650 890 17
658 858 675 887 3
686 859 720 883 2.
739 871 752 889 ‚
775 847 845 894 seu
857 849 973 894 potius
981 845 1031 892 stt
1045 844 1140 881 locus
1154 847 1268 882 Novo
1281 846 1424 883 indulto
1433 847 1566 893 favore
1589 847 1824 896 Magdalanae

545 898 716 935 Polidort'
729 901 767 935 in
785 898 868 946 casu
885 900 958 941 &zu
1262 904 1264 906 '

547 1053 631 1095 Effe
654 1055 938 1106 exequendum
969 1053 1234 1102 rescriptum'
1254 1066 1398 1105 1732„
1429 1056 1467 1095 ἃ
1498 1055 1629 1105 quoad
1654 1057 1828 1097 tertium

600 1107 811 1146 subsidium
844 1107 919 1146 esse
953 1106 1256 1156 prorogandum
1306 1108 1451 1148 favore
1490 1106 1749 1160 Magdalenae
1780 1109 1830 1150 ad

601 1159 712 1199 aliud
729 1159 1051 1210 quinquennium
1066 1186 1077 1199 0

531 1369 832 1410 ONONIEN.
861 1369 1046 1411 Michael
1065 1373 1265 1421 Angeliui
1282 1372 1503 1412 Bononien.
1520 1384 1626 1411 anno
1647 1385 1761 1421 1740.
1778 1370 1830 1410 de

544 1423 658 1461 ceffit
673 1434 767 1462 cum
786 1425 1036 1463 testamento
1059 1448 1072 1467 ‚
1091 1424 1198 1475 quod
1212 1434 1310 1464 ante
1328 1426 1506 1476 quinque
1534 1436 1657 1464 annos
1688 1423 1831 1464 condi-

496 1473 614 1514 derat
629 1504 639 1515 .
658 1474 761 1514 Tres
781 1476 850 1514 fibi
865 1475 1185 1515 familiarissime
1203 1478 1439 1516 coniunctos
1497 1477 1652 1517 sodales
1672 1476 1824 1516 -Socie-

497 1526 597 1565 tatis
615 1527 766 1565 Sanciae
785 1527 928 1566 Mariae
945 1529 1119 1567 Pietatis
1137 1539 1356 1578 nuncupat.
1397 1529 1428 1566 il
1457 1532 1602 1568 Piombo
1627 1555 1641 1574 ‚
1671 1529 1737 1568 cui
1761 1537 1830 1567 te-

494 1580 616 1617 stator
638 1591 787 1618 nomen
803 1579 973 1619 dederat
991 1605 1003 1624 ‚
1025 1581 1208 1619 haeredes
1234 1581 1303 1618 fibi
1323 1581 1555 1620 fiduciarios
1570 1580 1705 1620 voluit
1721 1606 1734 1626 ‚
1750 1579 1828 1619 eiss·

499 1643 577 1681 que
591 1630 929 1683 quandocumque
948 1632 1230 1671 deficientibus
1253 1635 1464 1683 Syndicum‚
1492 1636 1800 1672 Ratiocinatorem
1812 1655 1828 1677 ‚

499 1697 541 1721 ac
561 1684 826 1733 Depofitarium
853 1696 923 1733 pro
952 1694 1138 1733 tempore
1170 1683 1405 1724 sodalitatis
1433 1686 1613 1731 ejusdem
1642 1684 1830 1723 nomina-

500 1734 563 1773 vit
582 1761 594 1780 ‚
612 1736 680 1785 qui
696 1735 952 1775 haereditatis
969 1736 1123 1775 fructus
1155 1737 1342 1787 quolibet
1371 1749 1475 1776 anno
1510 1737 1548 1776 in
1580 1744 1756 1787 quatuor
1772 1735 1827 1773 as-

497 1785 689 1827 fiduiores
721 1800 770 1826 eo
787 1800 892 1827 anno
918 1789 1046 1828 socios
1073 1789 1378 1835 distribuerent,
1395 1803 1416 1829 a
1433 1788 1587 1829 cunctis
1607 1797 1745 1828 tamen
1764 1787 1828 1826 so-

494 1839 649 1877 dalibus
674 1851 744 1888 per
773 1840 961 1890 suffragia
974 1841 1217 1890 deligendos
1232 1873 1242 1882 .

445 1890 608 1930 Praestat
622 1893 857 1931 testamenti
889 1895 1055 1932 literam
1072 1894 1294 1938 exscribere
1317 1909 1327 1935 ε
1346 1896 1374 1932 li
1388 1896 1657 1945 piufrequenti
1670 1906 1736 1930 non
1765 1893 1829 1930 che

499 1946 549 1981 ad
563 1947 783 1982 intervenire
798 1944 852 1982 all
857 1947 1041 1984 'oratorio
1061 1948 1100 1982 di
1116 1948 1215 1984 detra
1247 1951 1460 1997 Compagnia
1474 1972 1486 1987 ,
1517 1962 1537 1984 a
1556 1950 1709 1984 recitare
1733 1947 1826 1982 tutti

500 1997 529 2033 li
544 1998 680 2034 Divini
693 1998 802 2046 ufficii
822 1998 976 2046 secondo
1009 1998 1136 2047 lostile
1167 1999 1228 2035 del
1251 2003 1432 2049 medesimo
1458 2002 1657 2040 Oratorio‚
1685 1998 1826 2047 quando

499 2049 612 2085 anche
626 2048 698 2086 alle
708 2050 877 2098 publiche
903 2053 1106 2100 Proceffioni
1123 2076 1135 2094 ‚
1166 2051 1338 2092 tulmente
1368 2054 1431 2089 che
1458 2065 1524 2089 non
1557 2051 1705 2088 abbiano
1735 2061 1825 2086 aver

498 2101 598 2148 luogo
613 2103 654 2138 in
667 2102 771 2139 detta
782 2103 1040 2153 imboisazione
1058 2127 1070 2146 ‚
1089 2104 1150 2140 che
1163 2103 1191 2139 li
1197 2104 1346 2150 fratelli
1355 2105 1546 2154 frequenti
1563 2129 1575 2147 ‚
1607 2116 1624 2138 e
1640 2114 1708 2137 non
1716 2104 1819 2149 gia-2

499 2156 572 2189 mai
583 2152 612 2189 li
631 2159 814 2192 mancanti
835 2180 847 2199 ,
860 2157 994 2203 purche
1009 2170 1075 2194 non
1092 2158 1257 2204 impediti
1275 2161 1321 2195 da
1338 2157 1487 2194 malacia
1500 2181 1511 2199 ,
1549 2168 1566 2190 o
1580 2149 1752 2204 itinerarj
1756 2161 1822 2199 per

493 2205 632 2252 publici
650 2232 661 2249 ,
679 2221 697 2243 e
706 2207 925 2255 particolari
942 2210 1096 2254 intereffi
1104 2232 1114 2251 ‚
1133 2209 1179 2243 ed
1195 2213 1304 2248 anche
1320 2214 1359 2246 in
1377 2208 1547 2254 occasione
1564 2206 1605 2240 di
1631 2202 1819 2254 qualche-‚1

499 2256 553 2292 lor
570 2260 716 2304 viaggio
733 2283 744 2301 ,
756 2260 894 2306 purche
897 2259 1000 2305 fuori
1013 2259 1106 2295 dello
1115 2259 1210 2307 stato
1225 2260 1324 2298 della
1347 2259 1475 2307 Chiesa
1490 2285 1500 2295 .

444 2305 598 2357 Legem
618 2308 751 2355 posuit
765 2334 777 2352 ,
808 2321 883 2359 qua
899 2310 1073 2349 haeredes
1088 2308 1287 2350 fiduciarii
1306 2309 1476 2350 affiduos
1493 2307 1822 2350 nominarent‚ac

494 2359 693 2409 praecipue
712 2369 757 2399 ut
775 2361 1123 2404 excluderentur,
1159 2364 1228 2413 qui
1243 2365 1321 2402 fine
1357 2361 1470 2400 causa
1496 2359 1672 2399 abessent
1705 2358 1826 2397 nimi-

496 2424 586 2450 rum
600 2413 694 2448 detti
708 2412 1008 2467 Eredifiduciarj
1022 2414 1081 2451 nel
1097 2413 1183 2459 fare
1201 2420 1215 2452 i
1226 2414 1318 2463 fogli
1333 2428 1400 2455 non
1421 2415 1540 2463 poffino
1565 2421 1820 2462 permonere..-

495 2464 597 2502 cheli
617 2464 827 2510 Confratelli
841 2489 853 2508 ‚
872 2467 934 2502 che
948 2479 1106 2503 aurarum
1119 2490 1132 2509 ,
1149 2481 1165 2504 o
1181 2469 1365 2506 douranno
1379 2479 1469 2503 aver
1487 2464 1586 2512 luogo
1618 2468 1656 2501 in
1679 2465 1818 2500 detta.»

497 2516 756 2564 imhorsazjone
768 2530 833 2554 non
846 2517 985 2564 possano
1001 2518 1090 2566 effer
1105 2523 1286 2557 mancanti
1294 2521 1359 2568 pin
1375 2520 1415 2555 di
1438 2519 1559 2555 dodici
1589 2517 1684 2554 volte
1702 2515 1815 2553 alla.»

496 2573 610 2606 recita
626 2570 671 2605 de
686 2571 820 2607 Divim'
836 2568 942 2622 vfficj
956 2585 974 2607 e
989 2584 1132 2608 numero
1137 2572 1196 2622 sei
1211 2573 1306 2612 volte
1319 2570 1389 2608 alle
1406 2571 1609 2618 Proceffioni
1615 2568 1684 2615 fra
1701 2567 1817 2619 quelle

498 2621 538 2655 di
553 2621 664 2668 obligo
682 2645 694 2663 ‚
723 2636 742 2659 e
758 2623 1025 2671 straordinarie
1039 2654 1048 2662 .

445 2671 565 2711 Anno
587 2677 699 2719 1748,
717 2699 729 2717 ‚
750 2683 795 2711 ut
812 2675 943 2713 omnis
961 2674 1168 2713 discordiae
1189 2676 1302 2714 causa
1317 2682 1600 2717 averteretur,
1618 2671 1819 2712 sodalium

495 2724 702 2762 communi
717 2726 909 2765 consensu
929 2727 1077 2776 regulae
1093 2727 1247 2766 statutae
1271 2726 1364 2767 sunt
1382 2727 1432 2766 de
1461 2735 1637 2778 quatuor
1670 2724 1719 2763 ad
1736 2726 1818 2762 hae-

1762 2789 1823 2815 re-
