1919 2964
517 158 535 183 ι
569 148 596 182 6

523 158 571 235 εἰ
583 208 650 245 quo
661 194 828 233 ereditur
854 194 1008 231 arbitrio
1036 193 1189 232 heredis
1213 194 1379 244 repositus
1406 194 1614 232 earumdem
1648 190 1835 243 mifflzran

515 260 686 287 numerus
703 271 717 291 ,
747 245 900 284 dumodo
913 246 965 284 ad
976 247 1072 285 hunc
1085 245 1399 296 effeHumfinguli
1405 247 1549 293 frufius
1564 248 1676 296 legati
1705 254 1833 293 eroga-'-

513 311 640 339 rentur
657 328 668 340 .
702 299 792 337 Tum
805 302 891 349 quia
907 307 1138 347 temporanea
1158 299 1350 337 celebratio
1369 300 1418 334 ad
1429 304 1704 347 perpetuitatem
1719 300 1834 336 redu-

506 356 604 392 citur
621 382 631 392 .
666 352 755 391 Tum
771 353 914 390 demum
928 374 941 394 ‚
972 354 1064 402 quia
1097 364 1203 389 onere
1229 353 1452 390 recitationis
1477 353 1597 388 divim·
1627 351 1729 400 officii
1755 349 1830 387 ali-

506 407 667 456 qualiter
691 403 939 454 compensatur
956 433 966 443 .
994 442 996 445 ,
1016 403 1234 452 Reservatio
1264 405 1407 441 demum
1426 400 1739 455 jurispatronatus
1769 405 1829 440 ni·-

512 462 606 496 titur
620 458 820 496 donationis
838 481 850 501 ,
881 456 1161 504 &fundationis
1177 458 1333 495 iuridico
1347 455 1584 503 fundamento
1597 484 1608 494 .

458 508 517 550 Ea
530 518 717 559 repetere
733 532 746 553 ι,
765 521 851 560 quae
869 507 1074 549 notiffima
1094 509 1186 548 sunt
1203 508 1254 548 de
1272 507 1663 547 commutationibus
1681 507 1829 547 volun-

511 571 648 605 tatum
666 588 680 607 ,
712 574 795 613 quae
823 563 897 603 hoc
916 560 1167 610 potissimum
1186 571 1373 610 ternpore
1407 572 1508 608 pene
1527 559 1745 599 turmatim
1762 571 1829 607 pe·

511 623 660 655 tuntur
676 613 940 655 necessarium
959 626 1037 652 non
1054 614 1107 653 est
1123 642 1134 653 .
1163 613 1329 662 Apertae
1347 612 1397 653 de
1414 612 1476 651 his
1492 614 1609 654 rebus
1631 612 1722 651 sunt
1740 612 1828 650 ubi-

512 681 590 720 que
605 667 711 717 apud
723 666 814 706 DD.
831 664 1022 705 theoricae
1037 690 1052 711 ,
1071 678 1120 705 ac
1134 664 1184 705 de
1198 665 1259 705 his
1276 664 1432 706 abunde
1453 664 1492 704 in
1508 662 1827 713 praecedentibus

507 720 612 769 soliis
640 720 861 758 traetatum
878 719 932 757 est
947 740 962 761 ⁹
991 719 1030 757 &
1058 718 1258 767 praecipue
1284 722 1323 756 in
1351 717 1536 765 Caffimen.
1564 718 1640 755 diei
1657 730 1721 765 24.
1753 716 1828 753 Se-

509 774 685 824 ptembris
702 772 806 821 elapsi
817 772 919 815 anni,
932 771 973 807 in
986 771 1119 810 Vicen.
1139 772 1215 808 diei
1236 783 1297 819 14.
1316 769 1511 820 ῗαηκιινὶὶ,
1531 771 1574 813 &⁶
1587 772 1626 807 in
1641 768 1827 817 Perustaa,

513 828 560 869 ὡ
574 824 738 873 Afflsten.
756 824 817 862 die
839 838 853 862 1
865 836 899 862 2.
913 821 1017 875 Maij
1033 827 1117 862 anni
1133 821 1239 874 hujus
1251 852 1261 864 ,
1289 821 1397 861 Illud
1406 831 1574 861 certum
1602 818 1680 862 effe
1708 831 1831 861 nemo

513 875 677 918 dubitat
691 887 740 915 ex
752 874 854 922 juris
870 875 1128 925 praescripto,
1142 888 1187 916 ac
1203 887 1251 914 ex
1266 875 1347 922 ipsa
1363 873 1599 915 Tridentini
1617 872 1835 913 clariffima

515 928 724 970 sanetione
751 927 905 978 requiri
926 924 1064 980 justam
1076 954 1090 973 ,
1121 931 1164 972 ξφ
1177 927 1409 977 neceffariam
1435 927 1579 976 causam
1591 956 1602 966 .
1629 925 1692 965 De
1706 924 1834 965 causat

514 979 755 1023 necessitate
782 980 849 1019 hic
862 979 992 1020 sermo
1020 980 1097 1020 esse
1112 980 1255 1031 nequit
1271 1009 1282 1020 .
1313 979 1510 1030 Cognitio
1537 977 1586 1020 ad
1601 977 1836 1020 utilitatem

514 1032 855 1076 commutationis
873 1031 992 1073 unice
1008 1030 1151 1075 referri
1167 1030 1316 1084 posset,

463 1085 774 1128 Pendet-andum
801 1086 916 1130 cujus
945 1084 1176 1125 utilitatem
1207 1088 1286 1125 haec
1317 1084 1591 1124 commutatio
1615 1081 1806 1133 respiciat
1819 1111 1834 1124 .

509 1138 648 1180 Haeres
661 1137 922 1185 conspicuum
940 1134 1108 1176 fundum
1125 1137 1439 1187 liberat,fibique
1456 1136 1652 1187 acquirit.
1675 1135 1840 1181 Alium,

510 1189 582 1241 qui
597 1188 871 1229 medietatem
884 1187 1088 1229 fructuum
1114 1190 1183 1230 dat
1197 1215 1211 1234 ‚
1231 1190 1353 1229 unico
1366 1189 1605 1241 quotidiano
1624 1188 1735 1227 sacro
1749 1186 1836 1226 affi-

512 1250 634 1291 gnat.
663 1241 1044 1287 Superabundantes
1076 1242 1231 1282 reditus
1258 1244 1490 1290 capellanus
1520 1267 1535 1286 ,
1576 1240 1645 1290 qui
1672 1251 1719 1279 ex
1751 1239 1831 1279 suis

514 1293 597 1332 erit
612 1317 626 1336 ‚
644 1292 808 1332 habebit
823 1322 834 1333 .
870 1291 1106 1333 Videndum
1122 1307 1219 1334 num
1231 1297 1315 1334 haec
1330 1294 1468 1334 omnia
1484 1291 1721 1342 compenset
1740 1303 1833 1340 per-

512 1344 700 1395 petuitas
717 1345 955 1394 capellania:
971 1375 981 1385 .
999 1345 1075 1386 Per
1089 1354 1273 1392 centum,
1288 1347 1327 1387 ὃ(
1341 1347 1442 1386 alios
1459 1343 1695 1396 quindecim
1710 1354 1835 1382 annos

510 1396 736 1438 secundum
748 1397 885 1447 legem
900 1397 1148 1442 testamenti,
1165 1411 1212 1440 ac
1225 1399 1492 1439 constitutum
1506 1395 1698 1437 consensu
1715 1395 1833 1444 ipsius

510 1449 730 1490 Alavolini
758 1449 961 1491 sacrorum
978 1463 1194 1493 numerum
1211 1478 1226 1498 ‚
1241 1452 1427 1501 quolibet
1450 1462 1556 1491 anno
1572 1448 1681 1489 sacra
1696 1447 1834 1488 mille.»

506 1501 722 1552 sexcentum
741 1527 754 1548 ‚
789 1505 834 1549 ύ-
862 1505 932 1541 duo
961 1503 1202 1544 celebranda
1229 1503 1356 1544 essent
1369 1533 1380 1544 .
1420 1503 1586 1543 Horum
1610 1511 1804 1540 numerus
1816 1524 1835 1546 ‚

512 1554 542 1594 fi
559 1562 839 1594 commutetur
856 1556 1046 1597 voluntas
1076 1556 1115 1596 in
1132 1557 1406 1605 capellaniam
1434 1553 1717 1608 quotidianam
1733 1577 1748 1599 ,
1772 1551 1837 1592 fe-

515 1618 559 1646 re
572 1606 753 1657 quinque
766 1608 1003 1647 saeculorum
1022 1617 1185 1658 tempus
1201 1608 1381 1658 exquirit
1395 1638 1405 1649 .
1819 1612 1825 1616 ’

462 1657 531 1702 Ad
559 1668 646 1698 rem
673 1657 831 1699 faciunt
855 1660 1082 1709 resolutiones
1106 1665 1146 1698 in
1160 1660 1320 1699 Nullius
1350 1661 1512 1708 Piscien.
1544 1659 1836 1697 Commutationir

515 1709 717 1749 voluntatis
736 1710 914 1760 13.Jum'i
930 1725 1043 1759 ¹7²0·
1062 1716 1101 1750 in
1110 1713 1344 1761 Fulginaten.
1364 1710 1533 1762 13.‘Julii
1549 1723 1663 1758 ¹740·
1677 1710 1837 1760 Melphi-

513 1772 588 1800 ten.
606 1761 785 1812 uffan&
804 1776 917 1813 ¹743·
936 1766 1217 1804 inlateramnen.
1237 1769 1274 1806 8.
1290 1766 1389 1803 Maii
1411 1767 1526 1812 1756.
1542 1764 1586 1807 ὠ·
1598 1763 1639 1800 in
1655 1763 1831 1803 Civitatis
1864 1768 1876 1774 '⁴

515 1813 640 1871 Iflebis
655 1815 785 1863 Legati
808 1828 822 1853 1
832 1821 866 1855 8.
880 1817 1079 1857 februarii
1100 1830 1114 1854 1
1124 1830 1143 1862 7
1152 1828 1169 1860 5
1178 1821 1215 1856 8.

463 1864 579 1916 Qud
595 1865 645 1923 fit
659 1865 981 1914 respondendum
993 1867 1163 1909 EE.PP.
1177 1868 1246 1910 sua
1259 1865 1443 1908 doctrina
1457 1889 1472 1913 2
1483 1877 1530 1908 ac
1546 1865 1760 1917 prudentia
1777 1863 1839 1907 vi·

517 1916 658 1959 derint
670 1946 680 1956 .
708 1916 873 1959 Petitur

567 1971 639 2010 An
650 1969 705 2021 fit
719 1970 814 2029 loeus
828 1973 994 2014 mmm·
1009 1971 1226 2027 Capelianiae
1242 1997 1258 2021 ‚
1283 1975 1323 2012 in
1340 1972 1425 2024 casa
1440 1972 1516 2019 &a

1772 2750 1855 2791 Die
