1919 2964
541 145 562 169 2

475 142 553 228 'giis
569 181 744 222 Casuum
762 174 982 217 moralium
1000 198 1013 219 ‚
1043 187 1139 225 quas
1158 177 1362 224 impressas
1386 177 1550 218 exhibet
1570 178 1609 217 in
1631 177 1818 218 Summa-

478 241 540 280 rio
568 230 901 274 circumferendo
916 253 930 272 ,
960 229 1158 268 correffis
1189 239 1330 273 tamen
1365 231 1574 270 nonnullie
1607 232 1813 270 erroribus

474 283 852 342 grammaticalibus
870 294 879 320 ε
895 281 963 320 vel
981 293 1152 321 examen
1171 282 1452 323 renovandum
1470 282 1548 324 effe
1566 296 1703 323 coram
1721 284 1824 323 Exa-

473 338 747 382 minatoribus
764 333 1017 385 defignandis
1034 336 1082 374 ab
1101 334 1181 375 EE.
1202 335 1276 374 PP.
1296 358 1309 378 ‚
1338 347 1433 374 curn
1452 335 1533 382 ipse
1568 336 1721 386 privari
1740 348 1822 376 non

474 395 625 435 debeat
640 392 729 437 jure
746 389 906 440 quaefito
922 399 968 427 ex
986 387 1296 434 praesentatione
1312 412 1326 433 ‚
1345 387 1415 426 nifi
1431 387 1479 426 de
1497 387 1707 437 imperitia
1723 402 1822 429 con·-

474 449 551 487 stet
582 456 629 486 ex
647 441 838 491 repetitis
872 438 1167 488 experimentis
1185 466 1197 486 ‚
1229 441 1336 492 quasi
1354 452 1423 489 per
1446 451 1533 479 rem
1558 441 1817 486 judicatam,

476 508 525 540 ut
542 496 703 538 censuit
731 498 812 534 haec
831 494 950 533 Sacra
975 491 1259 544 congregatio
1285 498 1323 532 in
1352 494 1466 543 Castri
1485 497 1593 530 maris
1611 494 1817 533 Parochia-

478 552 523 590 lis
544 554 604 590 26.
619 548 768 598 Aprilis
787 560 901 596 1749.
919 572 932 592 ‚
964 546 1004 585 in
1021 559 1099 598 qua
1116 546 1324 596 disputato
1345 545 1477 584 Dubio
1495 561 1523 582 =
1540 545 1613 583 An
1631 549 1815 585 Sacerdos

476 605 668 644 Antonius
700 601 908 645 Verdoliva
930 600 1165 649 praesentatus
1197 602 1246 637 ad
1278 599 1530 639 Parachialem
1561 600 1605 638 S.
1623 600 1817 649 Eustachii

482 658 597 707 Castri
612 655 734 692 Maris
748 655 793 692 de
810 654 1113 704 Jurepatronatus
1127 653 1228 690 iltius
1250 651 1284 689 F
1285 652 1416 691 amiliae
1431 678 1443 696 ‚
1476 655 1519 696 &¹
1534 650 1641 701 Firpa·
1659 675 1672 694 ‚
1681 653 1732 702 fit
1749 652 1821 689 ada-

478 709 678 749 mittendas
693 708 742 745 ad
756 720 888 745 novum
903 717 1054 743 examen
1068 719 1193 744 coram
1203 706 1522 745 Examinatorihas
1539 718 1560 741 a
1576 706 1701 742 Sacra
1720 706 1818 743 Con·

471 764 686 813 gregatione
713 760 926 809 deputandis
941 757 961 795 ,τ’
990 758 1236 807 Responsum
1267 757 1348 796 fuit
1381 773 1408 794 =
1434 757 1674 806 Affirmative
1698 769 1820 796 coram

475 814 796 856 Examinatoribus
813 814 856 849 ab
869 814 1143 860 Eminentiffimo
1160 814 1266 849 ‘vrbis
1282 814 1435 850 Vicario
1451 811 1668 860 deputandis
1687 824 1715 846 =
1734 833 1748 855 ‚
1767 816 1819 850 ut

477 873 516 906 in
529 868 594 907 lib.
600 880 665 912 99.
689 866 844 902 Decrec.
857 874 942 914 pag.
955 878 968 901 1
980 868 1042 906 58.

428 921 484 963 Et
514 918 646 970 quoad
675 928 808 955 mores
838 941 849 961 ,
882 916 1053 954 illorum
1080 915 1269 955 defendit
1296 916 1550 955 honestatem
1578 913 1820 953 testimonio

479 970 567 1010 fere
580 968 710 1008 totius
729 966 875 1017 Populi
890 967 1264 1017 Ripae-Berardae,&
1282 967 1524 1008 OEconomi
1544 967 1657 1005 illius
1674 967 1822 1006 Eccle-

476 1025 538 1063 fiae
571 1020 824 1061 parochialis
839 1047 850 1067 ,
881 1029 1006 1071 atque
1036 1021 1207 1059 Parochi
1224 1020 1398 1060 Rosariae
1412 1044 1425 1063 ‚
1459 1032 1504 1059 ac
1522 1019 1688 1058 testium
1714 1018 1820 1058 alio-

477 1088 569 1116 rum
589 1073 792 1113 Locorum
811 1099 823 1118 ,
853 1072 892 1111 in
909 1072 1051 1124 quibus
1077 1081 1258 1112 moratus
1275 1075 1354 1113 ests
1383 1071 1575 1112 disserens
1605 1080 1822 1121 praeterea,

478 1126 753 1174 suspicionem
771 1133 932 1164 erutam
970 1137 1015 1164 ex
1047 1125 1397 1176 conquestionibus
1427 1124 1611 1164 defuncti
1627 1123 1822 1169 parochi,

477 1181 517 1222 8(
530 1177 912 1223 extrajudieialibus
941 1177 1103 1218 notitiis
1122 1204 1133 1223 ‚
1161 1178 1208 1217 ab
1226 1178 1425 1227 Episcopo
1443 1177 1483 1217 in
1502 1176 1818 1216 suarelatione,

481 1231 744 1272 enunciatam
758 1256 770 1275 ‚
786 1229 893 1268 haud
910 1226 988 1269 esse
1003 1230 1296 1270 attendendam
1312 1256 1326 1276 ‚
1343 1231 1426 1268 -imo
1445 1229 1821 1278 suam-probitatem

479 1282 736 1332 comprobari
751 1294 797 1321 ex
816 1281 924 1320 fafto
941 1282 1056 1331 ipfius
1075 1281 1293 1330 Episcopi,
1320 1295 1343 1320 a
1359 1295 1438 1332 quo
1454 1280 1536 1321 fuit
1565 1281 1750 1320 admiffus
1768 1279 1820 1319 ad

480 1347 651 1377 examen
671 1358 684 1378 ‚
713 1335 751 1373 Sc
771 1347 816 1373 ex
838 1333 1092 1374 Promotoris
1111 1334 1275 1373 Fiscalis
1307 1334 1566 1373 contumacia
1584 1353 1598 1378 2
1628 1345 1723 1373 eum
1743 1333 1821 1372 du-

478 1388 578 1427 dum
595 1387 747 1425 citatus
764 1386 804 1425 in
820 1385 948 1424 Causa
963 1386 1094 1424 nullas
1112 1386 1325 1425 adduxerit
1342 1385 1580 1424 affertorum
1595 1384 1822 1427 criminum

478 1439 745 1490 probationes
771 1463 784 1483 ‚
826 1437 940 1483 juxta
971 1445 1116 1476 notata
1145 1450 1214 1487 per
1244 1441 1367 1478 Piton.
1398 1438 1564 1489 Discept.
1596 1437 1733 1488 Ecclefi
1752 1450 1815 1482 αι,

483 1505 620 1538 num.7.
639 1516 652 1535 ‚
674 1493 716 1534 τῇ·
725 1490 804 1540 seq.
844 1508 849 1514 ·

421 1548 587 1595 ⁵Verum
603 1569 615 1588 ,
631 1553 723 1580 cum
740 1547 884 1590 agatur
900 1541 952 1580 de
968 1542 1302 1590 jurepatronatus
1317 1544 1458 1583 laicali
1473 1569 1485 1588 ,
1500 1544 1541 1582 in
1557 1555 1637 1592 quo
1650 1542 1819 1582 licitum

480 1598 532 1637 est
547 1595 727 1635 Patrono
746 1592 905 1632 variare
921 1601 1019 1632 ante
1040 1593 1339 1634 institutionem
1356 1620 1369 1640 ,
1389 1598 1475 1645 Cap.
1492 1596 1602 1646 Qd
1617 1606 1737 1633 autem
1750 1606 1785 1638 ς.
1801 1618 1818 1640 ,

477 1649 659 1698 Cap.Cum
674 1656 795 1684 autem
813 1648 945 1692 24.‚&
961 1646 1282 1694 Cap.Pastoralisj2
1285 1661 1326 1695 9.
1345 1650 1389 1686 de
1402 1648 1654 1697 Jurepatron.‚
1667 1646 1702 1684 F
1703 1659 1817 1696 argna

480 1703 611 1741 eod,tit
628 1709 873 1749 par.2.can.9.
886 1700 1012 1741 10.‚&
1037 1711 1052 1735 1
1066 1698 1171 1746 neas:
1184 1712 1371 1744 1.num.1.‚
1392 1700 1617 1738 notandum
1631 1697 1820 1749 est‚quod

477 1750 829 1799 Communitase'n
845 1749 1029 1799 precibus
1046 1761 1173 1798 nuper
1185 1752 1335 1791 oblatis
1353 1761 1503 1797 narrat,
1526 1751 1634 1802 quod
1652 1759 1819 1791 attenta

477 1804 766 1849 reprobatione
782 1802 976 1843 Oratoris
991 1827 1004 1848 ,
1022 1803 1070 1838 da
1085 1804 1189 1841 detta
1207 1805 1485 1853 Communitafti
1501 1814 1740 1844 nuovamente
1755 1817 1818 1842 ve-

476 1868 563 1896 nato
579 1871 600 1895 a
616 1869 734 1895 nuova
752 1854 946 1901 elezzjone
966 1880 978 1900 ,
993 1856 1104 1895 anche
1120 1857 1160 1894 di
1175 1858 1246 1894 due
1266 1856 1358 1895 altri
1375 1861 1548 1907 Soggetti
1561 1882 1574 1902 ,
1603 1861 1642 1895 in
1657 1857 1735 1906 caso
1748 1867 1819 1894 non

469 1911 505 1959 fi
518 1908 675 1956 trovaffe
690 1917 819 1957 capace
834 1908 866 1944 il
872 1907 1027 1955 secondo
1046 1907 1154 1946 eletto
1168 1933 1182 1952 ,
1199 1910 1238 1949 8<
1257 1909 1432 1959 suplicat
1451 1934 1463 1953 ,
1481 1911 1544 1947 che
1554 1911 1608 1958 sta
1622 1910 1820 1958 esaminato

474 1962 669 2011 ilfhcondo
683 1961 809 2005 electo,
827 1974 846 1998 e
862 1973 930 1998 non
953 1960 1092 2008 effindo
1107 1970 1303 2011 approvato
1312 1963 1345 2012 fi
1359 1963 1509 2011 efamini
1527 1962 1558 1999 il
1577 1964 1679 2007 terzo
1695 1974 1739 2002 ;,ο
1756 1960 1821 1998 al-

476 2028 576 2052 meno
603 2015 745 2064 quando
774 2011 950 2060 voleffero
971 2014 1040 2061 sar
1048 2018 1186 2062 grazia
1215 2013 1253 2053 al
1262 2015 1415 2064 sudetto
1424 2016 1491 2064 gia
1507 2016 1690 2064 riprovato
1724 2025 1819 2051 com-

475 2068 712 2114 mandinofia
729 2066 895 2114 risentito
905 2067 1163 2113 formalmente
1179 2095 1190 2105 .

527 2116 821 2158 Definiendum
844 2116 986 2168 itaque
1003 2117 1083 2157 erit
1101 2121 1148 2156 ab
1164 2119 1243 2158 EE.
1261 2118 1348 2160 VV.

436 2169 471 2211 Ῐ.
499 2172 571 2211 An
588 2171 720 2222 constet
735 2172 781 2209 de
798 2169 895 2209 mala
909 2168 1086 2211 relatione
1104 2173 1407 2211 Examinatorum
1421 2197 1434 2218 ,
1449 2174 1548 2208 itaut
1564 2168 1722 2218 Ecclesia
1734 2169 1813 2207 Pa-

558 2224 730 2262 rochialis
745 2225 788 2264 S.
806 2224 956 2270 AEgidii
973 2224 1089 2272 Castri
1103 2223 1404 2271 Ripae-Berardae
1412 2224 1462 2272 fit
1477 2220 1729 2275 adjudicanda
1741 2224 1816 2260 Sa⁴
1867 2258 1870 2260 ,

553 2276 694 2314 cerdoti
706 2275 900 2324 francisco
911 2273 1061 2323 Alfimst
1073 2272 1095 2309 ,Ρ
1111 2275 1149 2313 &
1170 2283 1369 2325 quatenus
1383 2274 1579 2324 negative
1595 2302 1605 2312 .

429 2327 487 2369 11.
515 2327 586 2368 An
607 2327 797 2376 pradinas
829 2325 981 2376 Alfonfi
996 2328 1047 2376 stt
1066 2325 1319 2378 subjiciendus
1347 2339 1436 2365 novo
1460 2329 1620 2365 examini
1642 2326 1816 2374 faciendo

553 2380 592 2418 in
604 2381 702 2419 vrbe
714 2404 728 2426 ,
740 2382 781 2417 in
795 2378 881 2427 casu
898 2380 973 2423 &a

526 2535 596 2581 Ad
612 2535 644 2578 ἶ.
659 2534 876 2590 Negative
892 2559 907 2584 ‚
936 2535 976 2578 δι
991 2534 1170 2586 amplius
1186 2565 1199 2578 .
1227 2536 1297 2579 Ad
1313 2537 1368 2578 11.
1383 2536 1595 2589 Negative
1610 2500 1625 2577 ,Ι

1656 2739 1825 2786 MON-
