1889 2959
92 227 234 266 ultimi
252 225 440 265 decennii
465 225 514 265 ad
529 228 666 264 totum
684 237 868 265 annum]
878 230 967 273 761.
999 223 1187 264 confeeto
1202 234 1224 263 a
1241 223 1421 271 Ratioci-

89 288 233 320 natotc
251 276 464 327 Ungarelli
478 302 491 320 ‚
524 277 592 328 qui
607 277 775 316 testatur
791 304 805 323 ‚
825 278 979 317 reditus
996 276 1035 316 in
1054 276 1165 316 disto
1184 276 1334 316 ultimo
1351 275 1420 315 de-

91 330 240 371 cennio
266 327 483 369 ascendisse
511 330 561 369 ad
589 341 719 368 annua
746 329 857 369 scuta
885 333 972 378 764.
996 342 1057 370 22.
1083 344 1142 370 11.
1163 354 1176 373 ‚
1205 337 1420 375 computa-

94 382 152 424 tis
165 381 304 422 annuis
325 382 445 421 scutis
467 396 550 427 172.
572 395 632 426 50.
664 382 813 421 exactis
831 381 971 431 vigore
989 380 1129 422 Brevis
1143 380 1418 424 Benedinstini,

92 436 132 475 δε
146 433 412 474 nihilominus
431 434 618 482 expensas
636 434 829 483 superasse
844 434 910 474 dd.
931 433 1088 473 reditus
1115 432 1155 473 in
1171 433 1311 472 annuis
1330 433 1419 472 seu-

93 485 147 525 tis
170 496 227 528 15.
247 499 311 534 45.
340 511 352 529 ,
394 495 537 534 praeter
568 487 666 525 alias
698 486 942 525 excedentes
974 486 1164 532 expensas
1192 484 1420 533 praeceden-

93 537 202 579 tium
218 549 413 582 annorum
428 551 444 578 3
471 538 660 577 exhibent
679 538 790 575 enim
817 538 988 576 alterius
1010 537 1326 577 Ratiocinatoris
1356 548 1421 575 re·-

95 589 296 630 lationem
313 615 324 635 ,
354 589 421 640 qui
438 588 572 629 asserit
589 614 602 632 ‚
632 601 811 628 errorem
828 587 1017 638 irrepsisse
1049 591 1089 628 in
1104 591 1265 630 calculo
1282 588 1416 637 Unga-

95 641 191 682 ¹relli
210 653 279 691 pro
294 654 423 681 annua
439 641 671 692 quantitate
687 640 894 680 scutorum
906 647 972 688 98.
990 655 1054 689 95.
1084 642 1214 690 quoad
1229 643 1332 680 solos
1349 653 1413 679 re-

95 690 208 733 ditus
236 693 437 735 Locorum
455 693 665 732 Montium
681 717 692 735 ‚
708 694 745 732 δι’
763 692 966 732 Censuum
983 708 997 734 ,-
1028 693 1182 732 idcirco
1200 691 1413 735 differunt,

91 744 346 796 sequendum
389 744 465 785 effe
509 745 715 784 calculum
746 745 966 784 Sententiae
997 744 1288 794 Syndicatoriae
1321 742 1416 782 anni

99 807 241 845 1735.,
270 798 320 837 ad
339 798 453 843 cujus
467 797 655 839 tramites
682 797 800 847 longe
830 798 958 843 major
984 799 1037 837 est
1071 796 1277 847 quantitas
1307 794 1416 836 redi-

92 858 212 889 tuum
241 873 254 893 ,
297 851 419 899 quam
450 851 712 899 expensarum
742 849 946 899 quantitas
983 850 1188 888 calculata
1223 861 1244 888 a
1276 847 1417 888 Ratio-

95 901 280 959 cinatore
298 900 513 952 Ungarelli
527 928 539 948 ‚
568 910 614 943 ut
639 902 909 942 demonstrare
934 902 1082 942 nititur
1100 901 1327 941 Oratorum
1342 899 1418 939 Ra-

86 962 324 997 .t10c1nator
345 982 355 994 .
1185 973 1187 975 ·

47 1004 326 1056 Quamobrem
355 1005 626 1046 revocandam
658 1004 735 1046 effe
770 1005 995 1046 defendunt
1036 1007 1211 1056 gratiam
1239 1007 1307 1046 sub
1333 1027 1353 1034 -
1379 1005 1417 1044 Sc

96 1057 327 1107 obreptitia:
356 1067 558 1096 extortam
586 1059 626 1099 in
645 1059 868 1098 maximum
885 1060 1166 1107 praeiudicium
1188 1059 1419 1108 Pauperum

85 1109 293 1151 Civitatis
310 1135 323 1155 ,
350 1109 407 1149 eis
435 1109 655 1149 adimendo
687 1111 909 1149 Subsidium
936 1124 961 1149 a·
990 1112 1057 1159 pio
1089 1111 1301 1150 Testatore
1327 1109 1420 1148 reli-

100 1162 210 1204 &um
231 1187 244 1206 ‚
271 1170 315 1202 ut
331 1163 656 1201 c011vertatur.in
671 1164 861 1202 levamen
878 1163 1134 1202 scelestorum
1159 1163 1387 1201 Hominum
1403 1183 1417 1203 ‚

99 1215 242 1266 quibus
260 1213 326 1255 vel
345 1213 478 1252 Fiscus
499 1215 711 1254 consulere
727 1215 893 1254 deberet
908 1240 920 1259 ‚
950 1215 1016 1253 vel
1038 1213 1164 1261 posset
1181 1215 1307 1253 etiam
1317 1212 1419 1251 satis

86 1265 271 1315 prospici
302 1265 350 1306 ab
380 1265 522 1314 Opere
548 1266 616 1315 pio
649 1266 963 1307 Carcerator-um
993 1291 1005 1311 ,
1032 1267 1057 1305 fi
1078 1266 1322 1316 diligentius
1351 1263 1422 1303 ad·-

99 1317 422 1361 ministrare-ntur
464 1318 576 1359 illius
606 1319 762 1359 reditus
804 1343 817 1363 ‚
859 1331 931 1357 nec
966 1318 1310 1366 profunderentur
1344 1317 1418 1355 in.)

99 1369 298 1414 exceffiva
313 1369 593 1410 Ministrorum
610 1371 807 1420 stipendia
822 1401 831 1409 .
863 1370 1119 1410 Potissimum
1147 1371 1238 1421 quia
1267 1370 1316 1408 de
1331 1379 1423 1416 gra—-

98 1421 167 1464 tiae
185 1421 337 1460 viribus
369 1421 621 1470 disceptatur
654 1424 694 1462 in
713 1426 785 1462 hac
804 1423 923 1462 Sacra
937 1423 1268 1471 Congregatione
1285 1435 1299 1460 ‚-
1328 1422 1423 1458 cum

98 1473 140 1512 in
166 1473 371 1523 Supte-mis
407 1473 693 1513 Tribunalibus
735 1474 1036 1523 procedendum
1068 1475 1114 1513 fit
1145 1486 1238 1512 cum
1270 1471 1424 1521 regulis

102 1524 381 1575 congruentiae
409 1549 422 1568 ‚
452 1527 490 1565 ἃ
513 1526 731 1566 honestatis
766 1538 837 1575 pro
864 1526 1101 1564 revocandis
1126 1525 1266 1574 gratiis
1295 1550 1308 1567 ‚
1342 1535 1425 1573 qux

98 1579 163 1624 jus
191 1575 326 1616 Tertii
358 1577 599 1620 notabiliter
635 1578 812 1622 laedant,
842 1586 886 1615 ut
903 1586 1071 1616 monent
1097 1578 1203 1615 Card.
1232 1577 1424 1614 deliaca.)

88 1631 150 1671 ,de
163 1629 321 1678 Penfion.
351 1627 488 1675 dtscur.
508 1634 568 1673 76.
598 1643 693 1668 num.
718 1641 775 1671 13.
791 1654 804 1674 ‚
837 1632 879 1674 &⁸
898 1628 993 1667 Rota
1020 1633 1057 1667 in
1084 1628 1247 1666 Romana
1275 1627 1428 1666 Reime-

101 1684 283 1732 gratiapix
318 1694 375 1720 12.
394 1680 530 1722 Marcii
559 1694 626 1728 173
637 1696 668 1720 ι.
694 1690 732 1726 Δΐ.
752 1693 788 1724 5.
818 1695 935 1720 coram
969 1681 1057 1722 clar.
1074 1694 1177 1721 mem.
1211 1682 1320 1720 Card.
1354 1678 1432 1719 Al-

108 1733 294 1782 drovastdo
309 1762 320 1773 .

90 1820 102 1828 .
139 1783 440 1834 „Dignabuntur
457 1786 594 1837 itaque
624 1785 704 1825 EE.
726 1784 816 1833 VV.¹
832 1784 1001 1825 definire

54 1838 256 1887 Anirqtret
269 1839 460 1881 arbitrium
469 1849 533 1888 pro
548 1840 742 1888 aperitione
770 1840 858 1877 Oris
874 1863 886 1883 ‚
913 1842 1010 1877 itaut
1015 1839 1066 1888 fit
1089 1839 1183 1878 locus
1208 1837 1432 1879 revocationi

89 1926 113 1942 „¹
144 1925 146 1927 .
155 1893 290 1941 gracie
308 1913 323 1934 ‚
335 1893 386 1935 de
399 1905 468 1941 qua
484 1895 606 1941 agitur
623 1916 636 1938 ,
653 1895 691 1929 in
706 1891 789 1940 casu
804 1893 880 1936 &cx

123 2093 436 2144 POLETANA
466 2100 915 2141 DISSOLUTIONIS
942 2098 1314 2139 MATRIMONII
1345 2097 1433 2138 SU-

148 2147 248 2191 PER
276 2151 546 2191 EXPENSIS
580 2183 589 2192 .
646 2151 732 2189 Post
748 2151 976 2189 absolutum
990 2151 1196 2199 judicium
1213 2150 1433 2198 supernul-

106 2199 232 2248 litate
260 2203 555 2246 Matrimonii,
586 2203 626 2242 in
659 2215 738 2254 quo
770 2202 867 2240 bina:
893 2201 1130 2251 prodierunt
1156 2203 1274 2245 huius
1302 2202 1429 2241 Sacrae

105 2255 450 2306 congregationis
466 2255 737 2295 resolutiones
764 2254 885 2292 editae
915 2253 1059 2293 diebus
1091 2268 1123 2297 3.
1145 2278 1157 2298 ‚
1186 2256 1223 2294 Sc
1245 2267 1305 2303 ²4·
1330 2254 1431 2304 Julii

106 2308 326 2354 superioris
341 2307 461 2351 anni,
494 2308 676 2355 sumptus·
693 2307 860 2353 perffiae
880 2306 971 2345 litis
999 2307 1174 2357 reposcit
1201 2306 1319 2346 Clara
1349 2306 1429 2345 Ce-

106 2359 391 2406 sarinicontra
419 2359 630 2400 imbellem
658 2358 806 2397 Virum
847 2357 1116 2408 Augustinum
1147 2359 1385 2398 Sciamanna
1413 2380 1430 2401 ‚

98 2424 191 2457 non
202 2424 249 2464 ea
261 2412 436 2455 ratione,
453 2423 531 2462 qua
548 2410 722 2459 expensae
739 2411 984 2459 regulariter
1000 2411 1038 2450 in
1057 2411 1226 2460 Judiciis
1243 2410 1430 2448 reficiun-

111 2472 179 2503 tur
204 2473 395 2503 atemere
413 2463 673 2511 litigantibus
690 2486 703 2506 ‚
735 2474 906 2513 quarum
921 2463 1220 2502 restitutionem
1235 2462 1431 2500 decerne-

116 2525 160 2554 τε
173 2527 250 2554 non
265 2517 369 2555 solet
392 2517 473 2553 haec
490 2514 608 2556 Sacra
626 2514 902 2563 ,Congregatio
917 2539 930 2556 ,
961 2523 1005 2552 ut
1028 2514 1065 2551 in
1082 2513 1429 2561 Derthonen.6.Ju-·

105 2565 354 2622 ,liiiwqss‘ad
370 2570 441 2606 IV.
450 2568 546 2609 Dteb.
563 2565 1038 2613 lib,76.Decret.pag.-342.
1061 2590 1073 2608 ‚
1088 2568 1126 2601 in
1142 2567 1308 2603 Leodien.
1327 2564 1430 2614 Refi-

121 2617 246 2659 denti&
266 2619 442 2670 12.Junii
472 2618 582 2665 1762'.
608 2619 656 2654 ad
670 2617 733 2654 III.
756 2617 855 2654 Duh.
874 2641 886 2659 ‚
919 2620 961 2659 ἐς·
988 2621 1026 2654 in
1040 2616 1227 2666 Adjacen.
1245 2617 1429 2665 Distribu-

123 2671 254 2704 tionum
273 2672 494 2720 21.Augusti
508 2670 666 2724 ejusdem
682 2672 765 2706 anni
781 2682 790 2706 :
820 2668 885 2706 sed
898 2669 986 2712 jure
1003 2669 1170 2707 astionis
1187 2695 1199 2714 ,
1220 2681 1298 2718 quo
1317 2667 1429 2708 Uxor

121 2718 288 2767 litigans
310 2734 400 2760 curn
419 2724 520 2762 Viro
536 2723 650 2775 super
667 2721 865 2760 nullitatev
881 2720 1140 2761 Matrimonii
1160 2745 1172 2766 ,
1205 2722 1252 2760 ab
1270 2733 1321 2761 eo
1335 2733 1429 2760 con-

105 2801 114 2812 .
159 2771 264 2810 Tam.
282 2773 461 2815 XXXIII.
893 2772 939 2812 M
1371 2772 1429 2812 se-

1473 2093 1567 2142 Sess.
1586 2105 1648 2141 ²4·
1681 2094 1798 2145 cepa.

1473 2148 1518 2185 de
1531 2144 1693 2193 Reform.
