1889 2959
1328 148 1356 171 '1
1367 147 1411 176 13

83 184 341 236 suspensionis
357 182 552 221 indicitur
573 205 584 226 ‚
603 180 821 232 loquutum
838 180 968 223 fuerit
984 180 1033 222 de
1070 183 1120 223 iis
1138 208 1152 229 ,
1181 182 1250 234 qui
1283 185 1410 224 ritum

85 242 277 280 Graecum
293 236 424 275 velint
444 234 622 274 retinere
640 263 650 276 .
1393 241 1396 245 ’

35 293 225 343 Denique
237 290 306 328 sub
332 300 499 330 num.25.
518 314 530 332 ‚
563 287 629 327 ubi
657 287 791 335 agitur
820 287 870 326 de
891 286 1178 327 Italo-Graecis
1210 289 1411 336 promotis

84 348 168 386 ritu
185 342 333 381 Latino
348 367 362 384 ‚
395 342 432 380 Sc
462 339 609 378 Latin'e
641 339 832 379 viventes
850 364 862 382 ‚
895 339 1056 378 istorum
1076 341 1256 386 respectu
1277 341 1408 390 magis

86 393 305 438 necessaria
321 394 554 432 declaratur
567 392 803 440 Apostolica
825 392 1070 440 dispensatio
1098 403 1169 440 pro
1199 392 1335 432 reditu
1353 392 1406 431 ad

84 450 211 489 ritum
230 447 435 489 Graecum,
451 458 528 483 non
545 454 686 484 autem
700 455 771 491 pro
783 445 945 482 ascensu
967 444 1015 483 ad
1030 444 1210 489 Maiores
1232 445 1413 484 Ordines

84 501 174 543 ,ritu
189 499 341 541 Latino
356 499 409 537 ibi
425 512 452 532 =
466 499 515 533 vt
530 511 614 536 vero
631 498 680 533 ad
693 495 855 547 Majores
876 498 1036 534 Ordines
1049 501 1126 534 ritu
1141 500 1274 535 Latino
1295 499 1413 547 ascen-

85 555 178 591 dant
193 577 205 595 ‚
222 552 478 601 dispe71fiztione
493 562 559 589 non
571 550 740 595 indigent
752 563 780 583 ε
797 561 812 586 ‚·
829 547 915 587 imo
935 549 1066 595 quoad
1095 550 1259 588 eosdem
1277 550 1409 589 latine

84 605 370 647 viventes,nec
387 600 518 641 etiam
544 599 786 639 enunciatur
809 598 1026 640 neceffaria
1060 601 1259 640 absolutio
1290 615 1312 640 a
1336 601 1414 639 sus:-

85 658 275 708 penfione
304 678 318 698 ,
357 652 549 704 requisita
579 651 827 702 caeteroquin
857 651 898 691 in
929 651 1195 691 antecedenti
1223 666 1319 692 num.
1342 666 1407 701 24.

92 707 225 760 quoad
249 707 414 747 Graecos
442 704 575 744 latine'
600 703 811 743 ordinatos
843 716 940 742 eum
964 703 1199 744 retentione
1214 704 1347 743 Graeci
1364 705 1415 742 ri-

91 769 160 800 tus
180 789 189 798 .
209 758 253 797 Id
272 767 410 798 autem
431 771 508 796 non
525 757 693 795 obscure
723 756 892 795 innuere
921 756 1090 796 videtur
1107 782 1120 802 ‚
1153 769 1302 807 paenam
1334 757 1417 795 sus-

91 810 292 861 penfionis
309 810 504 850 indiciam
532 823 699 848 mmmo.
717 820 795 849 non
808 808 974 849 afficere
1005 808 1164 848 Graecos
1197 809 1327 848 latine
1353 821 1416 848 or-
1449 836 1451 839 ι

86 864 253 905 dinatus
268 863 405 909 animo
422 861 698 910 amplet‘tendi
713 860 841 899 ritum
857 860 1054 903 Latinum
1068 891 1077 904 ,
1109 861 1263 900 Pavent
1287 861 1417 900 etiam

84 914 550 960 ›huicinterpraetationi
566 925 641 959 ea,
663 926 747 964 quae
765 913 920 952 sancita
937 914 1030 953 sunt
1047 922 1124 960 5.9.
1155 926 1319 956 num.13.
1349 913 1413 952 his

87 968 222 1009 verbis
237 983 272 1004 =v
285 968 555 1017 Conservationi
569 970 707 1005 rituum
722 969 928 1007 Graecorum
943 969 1077 1005 intenti
1091 989 1104 1009 ‚
1135 979 1246 1015 neque
1264 968 1413 1014 expedi·

88 1034 130 1060 re
145 1023 309 1061 ducimus
325 1045 338 1065 ,
369 1033 480 1069 neque
486 1019 711 1066 facultatem
730 1019 890 1066 facimus
907 1044 921 1064 ,
950 1029 993 1058 ut
1022 1021 1149 1057 Latini
1185 1020 1382 1057 ordinarii
1398 1041 1414 1061 2

82 1072 197 1128 juxta
229 1076 343 1110 ritum
370 1073 541 1112 Latinum
572 1094 591 1115 ‚.
616 1072 666 1109 ad
694 1073 948 1111 Sacerdotium
969 1080 1201 1119 promoveant
1231 1072 1416 1120 aliquem-2

89 1126 375 1166 Italo-Graecam
389 1124 639 1172 Diaecesanum
657 1147 669 1167 ‚
688 1126 749 1172 qui
765 1126 974 1162 Graecorum
989 1136 1083 1161 more
1099 1124 1326 1171 Baptizatur·
1327 1123 1416 1170 sue-.—

89 1182 145 1217 rit
158 1201 171 1220 ‚
189 1186 296 1226 atque
307 1178 420 1217 etiam
432 1179 574 1215 vixerit
587 1201 600 1221 ‚
619 1176 812 1226 utscilicet
827 1178 1035 1215 Graecorum
1052 1175 1158 1215 Plebi
1185 1177 1316 1215 Latino
1332 1177 1414 1212 ritu

86 1230 160 1280 ipse
173 1229 375 1278 ministrans
387 1229 532 1278 pra-stt:
547 1241 562 1268 ‚·
579 1239 673 1267 eum
689 1227 874 1277 specialis
891 1230 971 1267 haec
987 1226 1210 1276 prohibitio
1226 1227 1417 1267 Graecum

87 1279 304 1322 ordinandi
319 1282 431 1326 juxta
454 1279 583 1322 ritum
607 1280 803 1322 Latinum
818 1306 831 1325 ‚
863 1280 913 1319 ad
930 1283 1008 1320 hoe
1026 1289 1073 1319 ut
1091 1280 1329 1319 Graecorum
1346 1277 1417 1317 Pa-

88 1335 236 1373 rochus
253 1332 485 1375 efficiatur,
515 1332 767 1382 illorumque
793 1332 944 1372 Curam
971 1340 1087 1383 gerat
1114 1333 1197 1371 ritu
1231 1330 1415 1377 Latino,

87 1384 298 1425 ostendere
314 1384 521 1429 videatur,
542 1384 648 1424 haud
664 1384 913 1433 prohibitam
932 1384 1087 1423 censeri
1101 1384 1142 1421 in
1156 1384 1248 1422 aliis
1266 1384 1416 1422 cafihus

93 1436 289 1529 grecnad
303 1436 429 1476 ritum
445 1435 638 1479 Latinum
653 1435 825 1480 admisti,
840 1435 1148 1477 ordinationem
1161 1437 1274 1482 juxta
1291 1435 1420 1475 ritum

131 1497 292 1529 atinum
308 1518 318 1528 .
1200 1520 1203 1521 γ

42 1539 122 1583 Sed
139 1545 213 1580 hac
228 1541 358 1581 etiam
375 1548 539 1580 retenta
557 1539 904 1588 interpretatione
921 1564 935 1585 ‚
963 1539 1097 1580 adhuc
1126 1539 1418 1591 inquirendum

92 1591 192 1636 esset
207 1618 220 1637 ‚
250 1603 346 1631 num
375 1592 574 1632 Oratores
604 1592 734 1632 latine
762 1592 1011 1642 susceperint
1042 1592 1223 1631 Ordines
1242 1619 1253 1638 ,
1281 1593 1420 1632 animo

94 1643 329 1685 transeundi
347 1645 396 1683 ad
412 1643 540 1684 ritum
553 1644 748 1685 Latinum
764 1668 777 1688 9
793 1643 844 1683 de
859 1658 939 1695 quo
956 1644 1061 1683 nihil·
1078 1645 1324 1684 enuntiatur
1343 1646 1418 1683 im,

93 1696 298 1737 relatione
313 1696 625 1746 Archiepiscopi
644 1697 706 1738 z&
720 1709 818 1736 num
833 1696 980 1737 Literae
1013 1695 1298 1737 dimissoriales
1326 1709 1421 1747 pro-

96 1749 176 1801 prii
192 1748 406 1788 Ordinarii
418 1775 431 1794 ,
448 1762 620 1800 quarum
634 1749 778 1799 vigore
798 1748 966 1789 fuerunt
981 1749 1109 1789 latine
1126 1749 1334 1795 ordinati,
1364 1750 1423 1789 se-

93 1800 328 1843 cumferant
343 1813 432 1841 eam
451 1802 638 1852 Episcopi
670 1801 907 1846 Dioecesani
935 1802 1150 1842 licentiam
1168 1826 1180 1846 ‚
1211 1814 1330 1853 quam
1348 1813 1420 1849 pro

96 1855 263 1895 tranfitu
281 1853 504 1893 Laicorum
521 1853 572 1894 de
590 1855 672 1896 ritu
691 1854 833 1897 Graeco
849 1855 899 1894 ad
914 1854 1108 1895 Latinum
1124 1855 1294 1904 requirit
1313 1853 1419 1893 Con·-

87 1906 247 1946 stitutio
284 1905 555 1947 Benedit‘tina,
578 1937 588 1948 .
629 1907 682 1945 Et
714 1907 779 1945 ubi
821 1907 949 1947 etiam
987 1906 1135 1946 Literae
1173 1903 1419 1945 dimissoria-

84 1958 147 1998 les
179 1957 377 2007 praedic‘tae
404 1970 481 1997 non
505 1958 803 1998 secumferrent
833 1959 1023 1998 idoneam
1055 1958 1269 1998 licentiam
1287 1984 1300 2003 ,
1328 1970 1417 2006 per·-

84 2010 346 2059 pendendum
373 2011 532 2058 insuper
561 2009 659 2050 esset
690 2036 702 2055 ‚
732 2023 829 2049 num
856 2011 1054 2050 Oratores
1083 2037 1096 2055 ,
1129 2012 1179 2049 ob
1210 2010 1437 2055 hiljusmo-,

89 2061 132 2100 di
160 2060 337 2103 licentiae
374 2061 630 2100 omiffionem
659 2085 673 2103 ‚
718 2061 965 2099 incurrerint
997 2062 1036 2098 in
1079 2063 1370 2108 suspenfionem
1403 2083 1420 2104 ,

93 2126 180 2165 quae
209 2112 362 2151 inditota
392 2111 562 2151 minime
593 2110 746 2160 legitur
773 2112 813 2150 in
854 2110 1118 2150 Benediciina
1148 2110 1420 2150 Constitutio-

90 2177 143 2205 ne
181 2177 255 2214 pro
282 2164 457 2214 simplici
485 2163 654 2208 transitu
669 2161 718 2202 ad
734 2163 862 2205 ritum
880 2162 1075 2202 Latinum
1098 2163 1178 2204 fine
1209 2163 1414 2206 licentia-2

98 2216 309 2260 Ordinarii
326 2247 335 2256 .

43 2269 164 2321 Qiod
177 2271 204 2312 fi
222 2269 422 2311 Oratores
439 2294 453 2314 ‚
484 2269 546 2309 his
562 2281 641 2310 non
658 2268 904 2309 obstantibus
921 2294 936 2314 ,
967 2268 1103 2308 videri
1129 2275 1325 2318 poterunt
1341 2269 1417 2309 in.,

93 2322 387 2371 suspensionem
400 2322 608 2362 incurrisse
625 2349 636 2367 ‚
653 2330 821 2371 propter
834 2322 1000 2362 ordines
1016 2319 1218 2371 susceptos
1233 2334 1254 2360 a
1269 2321 1419 2361 Latino

93 2373 322 2424 Episcopm·
351 2374 526 2418 ulterius
552 2373 825 2415 differendum
854 2375 934 2414 erit
958 2374 1010 2414 de
1025 2374 1234 2413 contrasta
1264 2373 1311 2410 ab
1327 2371 1412 2410 illis

94 2424 402 2476 irregularitate
417 2451 431 2471 ,
447 2434 613 2476 propter
631 2424 875 2466 exercitium
888 2425 1163 2476 susceptorum
1181 2423 1389 2462 Ordinum
1404 2451 1416 2464 .

95 2475 435 2529 Archiepiscopus
454 2479 494 2518 in
509 2477 732 2517 transmissa
744 2478 947 2518 relatione
974 2477 1129 2526 repetit
1159 2474 1416 2515 oratorum-2

96 2526 450 2577 irregularitatem
465 2543 485 2570 a
500 2528 803 2568 Constitutione
827 2527 1091 2568 Benediftina
1120 2534 1197 2573 συγ,
1222 2539 1340 2566 mmm
1350 2538 1383 2572 5.
1397 2539 1416 2568 ι

97 2578 167 2619 sed
184 2579 350 2630 indicati
367 2582 524 2624 Textus
542 2581 711 2621 censura
721 2578 770 2619 ad
788 2590 874 2620 rem
891 2579 1100 2630 pertinere
1115 2590 1195 2618 non
1213 2579 1379 2619 videtur
1394 2601 1411 2624 ‚

95 2633 191 2673 cilm
210 2631 264 2675 ibi
278 2644 421 2684 agatur
436 2635 489 2676 de
503 2633 808 2684 irregularitate
825 2631 1034 2672 contracta
1058 2643 1139 2671 non
1157 2642 1227 2683 per
1250 2631 1410 2672 exerci-

93 2682 203 2778 tiug!
222 2683 703 2781 Ossffssffstincu‘sam
718 2684 1041 2777 suspenfissnem‚
1068 2682 1137 2726 sed
1163 2695 1235 2735 per
1250 2683 1407 2775 ipsaffise

190 2750 258 2778 am.
408 2741 426 2778 1
443 2767 455 2779 .
1381 2747 1417 2774 ι-
