1919 2964
526 192 572 223 32

524 234 594 271 bus
623 254 636 274 ‚
676 238 721 269 ut
749 230 884 270 innuit
910 230 1162 279 Rescriptum
1205 232 1323 276 hujus
1354 231 1486 270 Sacre
1515 231 1876 282 Congregationi52

524 289 563 323 in
589 285 752 321 Romana
772 297 832 322 10.
863 281 966 336 Maji
1001 297 1113 330 1727.
1133 309 1144 328 ‚
1173 285 1212 322 in
1239 296 1316 334 qua
1343 284 1550 332 disputato
1581 285 1715 324 Dubio
1749 287 1857 325 inter

525 336 564 375 H
573 335 746 378 aeredem
763 362 775 382 ‚
802 336 841 375 δι’
856 335 1304 385 Cappe11a1mm=An
1320 361 1333 380 ,
1365 340 1407 380 2222
1425 350 1445 372 a
1464 350 1528 386 qao
1547 339 1619 385 fint
1638 338 1723 386 sol-v
1719 340 1878 376 emim

528 390 649 439 ‘Utens
650 389 702 431 lta
723 398 787 438 pro
803 389 1040 427 celebratione
1056 388 1179 437 Miffae
1205 392 1444 439 quotidianae,
1478 391 1521 432 ὠ·
1549 392 1596 426 ad
1611 405 1716 440 quam
1745 395 1884 429 ratio-

526 456 605 480 nem
621 468 634 487 ,
649 445 748 480 itaut
762 443 990 492 sitstandum
1003 467 1017 486 ,
1035 441 1097 479 vel
1108 443 1347 480 recedendum
1365 458 1386 480 a
1402 440 1521 491 decisis
1541 439 1562 476 ε’
1578 444 1854 491 -responsum-

525 492 656 534 fuit:
671 496 820 534 Praevio
837 494 973 543 receffic
989 509 1010 532 a
1025 495 1148 545 decists
1166 520 1178 540 ‚
1210 493 1569 544 vtenstliafolvenda
1585 494 1652 542 effe
1666 510 1687 534 a
1703 496 1854 546 Coppel-

524 546 608 584 lano
623 572 635 592 ‚
653 547 704 584 ad
721 551 894 585 racionem
902 547 1089 596 scutorum
1105 557 1259 599 quatuor
1269 558 1334 599 pro
1349 548 1506 598 quolibet
1520 560 1609 588 anno
1625 563 1653 584 ε
1670 571 1684 592 ,
1719 558 1764 588 ut
1780 553 1855 587 in..

527 600 662 646 lib.77.
681 601 836 639 Decret.
849 609 1031 649 pag.275.

472 652 551 692 Sed
568 651 773 702 excipitur
801 666 822 693 a
839 653 1026 695 Familiis
1043 654 1338 702 contemplatis
1355 679 1370 699 ‚
1405 653 1512 706 quod
1533 653 1718 694 Testator
1734 655 1861 693 haere-

524 704 704 744 ditatem
717 718 814 755 grav
818 718 867 744 av
872 706 906 745 it
919 732 932 752 ‚
949 707 1101 747 nedum
1117 708 1283 756 singulis
1299 707 1518 747 Canonicis
1535 707 1730 756 affignare
1751 706 1860 744 Prae-

524 757 697 799 bendam
713 759 925 797 scutorum
942 761 1247 811 quadraginta,
1267 758 1333 800 sed
1348 760 1475 800 etiam
1490 759 1710 809 providere
1723 759 1862 798 Cano-

523 808 738 851 nicatuum
755 811 953 851 ereffioni
968 837 981 857 ‚
1014 826 1093 863 quo
1119 812 1285 852 nomine
1301 813 1474 853 veniunt
1502 825 1550 852 ea
1571 812 1710 851 omnia
1726 837 1740 857 ‚
1773 823 1860 862 qux

521 862 739 903 neceffaria
765 865 858 903 sunt
888 865 927 903 in
945 865 1124 905 Ecclesia
1144 891 1157 911 ‚
1183 873 1228 904 ut
1261 865 1359 904 novi
1377 865 1579 904 Canonici
1606 866 1675 904 suo
1689 875 1862 903 munere

523 913 642 964 fungi
671 915 843 975 poflint:
881 917 999 956 ficuti
1031 926 1288 967 agnoverunt
1317 926 1482 956 veteres
1500 916 1702 956 Canonici
1728 915 1864 967 quoad

526 966 685 1007 Stalla'
675 981 714 1006 ιη
730 967 867 1007 Choro
882 993 895 1012 ‚
924 971 963 1009 Sc
979 969 1107 1008 Arcas
1136 983 1175 1007 1n
1194 969 1379 1008 Sacrario
1410 980 1483 1018 pro
1501 968 1770 1008 custodiendis
1789 968 1864 1007 Sa·

523 1019 604 1058 cris
621 1020 806 1059 Vestibus
821 1045 838 1080 ,⁵
855 1033 950 1072 quas
968 1021 1194 1071 sumptibus
1207 1021 1467 1060 haereditatis
1482 1021 1767 1060 construendas
1781 1019 1862 1060 esse

525 1072 829 1113 decreverunt
818 1086 857 1111 in
874 1073 1129 1112 Conditione
1147 1072 1238 1114 IX.,·
1256 1075 1293 1113 3<
1311 1073 1406 1112 idei>
1420 1073 1690 1111 contenditur
1703 1098 1717 1118 ‚
1730 1073 1864 1111 etiam

523 1125 708 1174 sumptus
727 1125 1088 1175 Suppeneffllium
1104 1149 1116 1169 ,
1131 1139 1218 1176 quae
1233 1127 1282 1165 ab
1302 1126 1481 1164 Ecclefia
1496 1124 1862 1168 subministrantur,

523 1176 716 1217 ferendos
730 1177 805 1217 effe
820 1179 869 1216 ab
883 1178 1146 1219 Haereditate
1166 1203 1180 1224 ‚
1210 1179 1326 1224 juxta
1345 1178 1634 1227 praesumptam
1650 1185 1866 1216 mentem

525 1228 750 1269 Testatoris
769 1254 783 1274 ‚
812 1239 858 1270 ut
886 1232 1047 1273 censuit
1077 1233 1161 1271 haec
1183 1231 1304 1270 Sacra
1335 1229 1613 1280 Congregatio
1642 1233 1680 1267 in
1697 1231 1862 1267 Romana

523 1282 739 1330 Utenstlium
759 1297 773 1321 ι
788 1297 821 1322 1.
840 1284 989 1334 Aprilis
1012 1297 1124 1332 1739.
1131 1308 1143 1328 ‚
1164 1284 1204 1322 in
1222 1296 1297 1334 qua
1310 1295 1406 1322 cum
1422 1281 1609 1322 Testator
1621 1292 1694 1330 pro
1710 1281 1865 1321 utenfi-

524 1334 788 1374 liumdecem
806 1336 1168 1385 Cappellaniarum
1183 1334 1350 1385 legasset
1369 1335 1555 1375 Ecclefiae
1570 1334 1702 1374 solum
1715 1333 1862 1373 decem

523 1385 635 1427 Loca
654 1386 869 1426 Montium
886 1413 899 1433 ,
930 1387 1186 1438 disputatum
1218 1388 1301 1427 fuit
1319 1388 1545 1428 Dubium:
1571 1388 1642 1426 An
1667 1399 1861 1435 augumen-

522 1449 600 1476 tum
613 1440 722 1489 usque
749 1442 799 1476 ad
804 1441 913 1488 scuta
929 1451 1083 1489 quatuor
1107 1450 1171 1490 pro
1188 1440 1348 1490 qualibet
1365 1438 1596 1490 Cappellam‘a
1624 1440 1797 1476 debeatur
1812 1440 1857 1476 ab

518 1493 712 1534 Haerede,
735 1492 806 1538 seu
826 1495 945 1540 potius
963 1506 984 1529 a
1009 1492 1233 1542 Coppellam's
1248 1490 1269 1528 ε’
1295 1507 1325 1529 =
1362 1493 1402 1532 Sc
1433 1491 1554 1530 Sacra
1577 1490 1856 1540 Congregatio

519 1542 700 1589 rescrlps
706 1550 763 1579 t
738 1557 765 1565 ··
795 1544 896 1590 Affir
900 1549 1036 1582 mative
1048 1547 1406 1594 adprimampartem
1422 1569 1436 1591 ,
1465 1547 1638 1593 negative
1663 1545 1714 1581 ad
1722 1543 1859 1592 secum

518 1597 651 1632 dam:
667 1619 680 1640 ,
711 1603 756 1633 ut
771 1598 810 1633 in
822 1595 886 1633 lib.
893 1601 954 1643 89.
974 1599 1124 1636 Decret.
1135 1605 1221 1652 pag.
1227 1608 1294 1642 99.

460 1645 782 1687 'Advertendum
814 1655 981 1694 tamen,
1008 1648 1116 1699 quod
1143 1658 1273 1687 etiam
1287 1647 1459 1696 Joannes
1479 1646 1653 1696 Baptista
1685 1647 1848 1689 Cristini

521 1700 764 1749 Collegiatae
783 1699 988 1739 fundator
1003 1726 1017 1746 ,
1043 1712 1138 1739 cum
1154 1699 1372 1739 Haeredem
1390 1699 1620 1739 instituisset
1635 1700 1748 1741 Piam
1766 1700 1850 1739 Do·-

519 1764 634 1791 mum
651 1753 890 1791 Puellarum
907 1778 920 1797 ‚
949 1752 1146 1801 proecepit
1176 1752 1427 1792 erectionem
1443 1751 1687 1803 collegiata:
1719 1753 1761 1792 in
1776 1752 1857 1792 Ec-

516 1805 637 1844 clefia
652 1802 1024 1844 Confraternitatis
1043 1804 1285 1844 Sanstiffimi
1312 1804 1504 1853 Corporis
1523 1805 1668 1845 Christi
1682 1832 1696 1852 ‚
1727 1815 1851 1845 cum...

517 1868 599 1895 uno
614 1856 786 1902 Priore,
816 1857 854 1896 ὃς
886 1857 1070 1907 quinque
1084 1857 1303 1897 Canonicis
1323 1882 1337 1902 ‚
1369 1856 1572 1906 affignatis
1605 1857 1644 1896 in
1679 1858 1851 1897 illorum

513 1908 657 1948 dotem
672 1909 817 1948 annuis
830 1910 956 1948 scutis
973 1917 1209 1949 tercentum
1224 1911 1366 1951 decem
1382 1922 1428 1949 ex
1442 1908 1636 1948 fluetibus
1654 1911 1731 1949 suae
1748 1910 1848 1949 Hae-

513 1961 932 2011 feditatis‚sexaginta
957 1963 1246 2012 nempePriori
1262 1989 1276 2010 ‚
1304 1964 1342 2003 ὃς
1361 1960 1656 2013 quinquaginta
1679 1961 1845 2011 fingulis

512 2014 765 2055 Canoniciss
791 2026 841 2053 an
859 2027 957 2054 vero
985 2013 1234 2055 Utenfilium
1262 2013 1439 2064 expensae
1457 2014 1770 2053 contribuantur
1801 2013 1848 2052 ab

512 2064 774 2105 Haereditate
795 2092 808 2111 ‚
837 2067 904 2106 seu
921 2067 1059 2115 potius
1079 2080 1100 2106 a
1115 2066 1334 2108 Canonicis
1358 2092 1371 2112 ‚
1400 2068 1616 2113 probatum
1646 2066 1847 2105 haetenus

513 2128 593 2155 non
610 2116 824 2160 fuit‚1icet
843 2118 1074 2164 hujusmodi
1098 2121 1285 2166 probatio
1311 2117 1499 2158 conferre
1516 2117 1643 2168 posset
1658 2118 1707 2157 ad
1724 2118 1843 2162 hujus

510 2168 638 2207 Dubii
654 2169 901 2208 decifionern
916 2195 931 2215 ,
947 2169 1042 2219 quia
1060 2169 1227 2210 Gabriel
1243 2170 1458 2219 Triangoli
1475 2171 1724 2210 erectionem
1745 2180 1840 2217 prae-

512 2220 628 2269 cepit
645 2219 819 2258 duorum
835 2221 1166 2260 Canonicatuum
1182 2222 1362 2267 ejusdem
1376 2231 1531 2259 naturae
1549 2248 1560 2266 ‚
1591 2222 1704 2266 cujus
1723 2228 1841 2258 erant

510 2281 677 2313 veteres
695 2272 896 2312 Canonici
912 2298 926 2317 ,
955 2272 994 2312 ἃ
1015 2272 1109 2311 ideo
1125 2284 1204 2310 non
1225 2273 1445 2321 incongrue
1460 2284 1538 2320 quo
1554 2273 1604 2311 ad
1619 2284 1744 2310 novos
1764 2271 1839 2311 Ca*

509 2324 679 2365 nomicos
700 2325 911 2365 videretur
925 2324 1118 2364 servanda
1131 2325 1275 2364 eadem
1292 2323 1434 2374 regula
1452 2349 1464 2370 ‚
1482 2338 1567 2376 quae
1583 2325 1743 2365 servata
1759 2323 1840 2363 fuit

512 2377 553 2416 in
571 2378 779 2417 erectione
796 2387 988 2418 veterum
1003 2377 1332 2417 Canonicatuum
1353 2408 1362 2418 .

457 2429 648 2471 Pertinet
662 2430 884 2470 secundum
958 2430 1084 2469 lbium
1098 2430 1146 2470 ad
1160 2429 1377 2478 septimam
1395 2430 1679 2474 conditionem
1694 2455 1707 2473 ,
1728 2440 1837 2480 qua.)

506 2483 698 2522 statuitur
713 2506 725 2526 ,
740 2495 867 2522 novos
884 2483 956 2522 Cat
973 2482 1115 2522 onicos
1130 2482 1234 2532 poffe
1249 2484 1299 2524 de
1313 2485 1390 2524 suis
1406 2512 1417 2529 ‚
1453 2495 1531 2525 non
1560 2485 1609 2522 de
1628 2483 1838 2531 punstatu-

508 2535 561 2573 ris
578 2544 767 2575 veterum
778 2535 1081 2574 Canonicorum
1095 2536 1342 2586 participare
1360 2564 1372 2582 ‚
1394 2539 1565 2585 illasque
1595 2536 1633 2572 in
1664 2536 1754 2573 casn
1774 2534 1840 2571 ab-

504 2587 640 2625 sentiae
654 2587 864 2638 utriusque
884 2588 1144 2637 applicandas
1163 2587 1240 2628 esse
1256 2589 1451 2630 Sacristiae
1465 2617 1478 2635 ,
1497 2588 1602 2627 itaut
1621 2600 1693 2626 nec
1712 2586 1836 2625 etiam

506 2646 670 2677 veteres
688 2639 885 2678 Canonici
901 2641 1150 2691 participent
1169 2642 1220 2680 de
1240 2643 1491 2691 pum‘taturis
1529 2652 1729 2678 novorum
1746 2665 1757 2684 a
1787 2646 1833 2675 ut

504 2691 661 2729 censuit
676 2692 758 2728 haec
773 2692 890 2730 Sacra
906 2691 993 2731 Con
998 2693 1185 2743 gregatio
1203 2694 1243 2732 in
1259 2694 1427 2732 Aretina
1453 2696 1633 2732 eremos-tis
1678 2695 1833 2730 Canoni-

505 2753 651 2783 catuum
666 2756 701 2787 5.
717 2747 816 2783 Maii
832 2758 944 2791 1703·
959 2745 1215 2785 rescribendo
1231 2769 1245 2790 ‚
1265 2744 1345 2786 effe
1358 2747 1500 2787 locum
1529 2759 1595 2785 ere
1609 2743 1732 2784 &joni
1755 2755 1826 2781 no-

460 2806 462 2808 .
1768 2806 1834 2831 m<
