1889 2959
1421 161 1439 189 3

223 200 265 237 S.
282 199 437 236 lVicolai
463 199 638 235 Tolentini
651 210 704 233 ere
713 199 765 234 ila
787 200 822 233 iia
842 197 999 246 Ecclesia
1011 200 1057 235 S.
1075 198 1281 246 Augustini
1300 198 1411 246 Casiri
1431 225 1441 243 ,

226 252 271 288 S.
288 250 430 299 Angeli
450 249 468 286 Β
500 250 551 287 Et
567 256 765 299 quatenus
782 248 1026 288 affirmative
1043 279 1051 287 .

63 302 111 342 II.
142 302 214 341 An
230 304 354 340 eremo
373 302 685 351 Cappc’llaniarum
703 303 753 346 sit
760 302 939 348 facienda
972 305 1010 337 in
1025 302 1121 337 difla
1146 301 1313 351 Cappella
1332 327 1344 346 ‚
1365 302 1435 349 felc

209 355 383 408 potiasfit
401 355 623 392 concedenda
647 354 841 390 translatio
857 358 895 391 in
919 353 1028 390 aliam
1044 353 1236 402 Ecclesiam
1252 381 1264 400 ,
1295 356 1337 397 ὠ·
1354 354 1436 390 Al-

216 418 294 444 tare
308 433 320 452 ‚
334 410 373 443 in
386 406 468 454 casu
486 409 558 450 &a

165 510 230 548 Ad
249 511 278 549 I.
309 511 570 550 Affirmative
588 537 598 555 ‚
618 512 656 550 δε
677 510 850 555 amplius
871 540 881 548 .
936 510 1002 548 Ad
1020 510 1072 549 11.
1102 511 1368 550 Affirmative
1385 511 1433 550 ad

217 564 386 612 primam
405 573 562 613 partem
580 588 593 607 ‚
612 561 802 612 negative
815 562 863 599 ad
880 562 1115 606 secundam,
1130 564 1166 602 ἃ
1185 563 1355 612 amplius
1369 592 1377 602 .

56 717 62 725 '
163 718 376 757 SSlSIEN.
394 719 645 768 QUARTAE
675 717 987 759 FUNERALIS
1006 747 1014 757 .
1047 719 1088 758 In
1109 717 1436 770 Congregatione
1473 733 1639 782 sest-025,
1669 743 1809 785 capass,

177 771 312 809 habita
330 770 396 810 die
421 785 481 819 14.
501 771 705 812 Februarii
729 777 841 818 1761.
861 771 1058 821 proposita
1075 771 1158 811 fuit
1177 775 1258 811 haec
1272 773 1400 811 Causa
1420 798 1432 816 ,
1473 787 1517 824 de
1530 787 1685 834 Reform·

111 822 151 861 in
164 835 241 872 qua
256 823 505 872 disceptatur
535 826 583 863 de
599 833 740 875 quarta
776 822 949 864 funerali
967 823 1159 863 Parochis
1176 824 1371 863 tradenda
1388 825 1436 862 ab

115 874 298 913 Ecclefiis
319 874 578 924 Regularium
611 876 805 915 Civitatis
821 876 950 915 Affifii
966 889 980 915 ‚·
1010 877 1047 914 ὃς
1066 889 1157 914 cum
1175 875 1310 916 Testes
1339 876 1432 915 hinc

111 925 206 965 inde
241 927 562 975 producerentur
591 928 640 966 ad
670 928 914 977 probandam
954 926 1139 967 affer-tam
1172 928 1435 968 consuetudi-

110 989 230 1016 nem?
265 979 342 1016 EE.
362 978 436 1018 ΡΡ.
456 981 742 1028 rescripserunt
767 995 793 1015 ’.-
811 981 943 1017 Dilata
960 1005 972 1024 ‚
993 983 1035 1023 ὠ·
1049 985 1300 1018 examinentur
1320 981 1434 1030 Testes

104 1029 278 1077 formiter
296 1044 322 1063 =
340 1060 349 1069 .
380 1031 657 1080 Quamobrem
676 1032 863 1080 suppofiti
880 1032 1045 1071 fuerunt
1074 1031 1240 1070 formali
1259 1031 1437 1072 examini

113 1082 271 1124 septem
290 1081 427 1121 Testes
451 1096 472 1122 a
489 1084 680 1122 Parochis
698 1106 710 1125 ‚
740 1095 890 1122 novem
921 1096 942 1122 a
963 1084 1225 1133 Regularibus
1261 1083 1433 1128 indum,

110 1133 177 1181 qui
193 1146 333 1173 omne-s
363 1135 402 1173 in
417 1148 566 1184 genere
590 1135 839 1175 conveniunt
860 1159 872 1178 ‚
902 1144 1089 1186 quartam
1118 1133 1434 1174 funeralemin„

108 1183 294 1225 Civitate
331 1186 460 1227 Asfifii
502 1200 548 1227 ex
579 1187 873 1226 consuetudine
916 1187 1055 1226 deberi
1100 1187 1140 1226 in
1175 1187 1435 1227 medietate,

113 1235 225 1276 Cerae
240 1252 254 1278 ,-
283 1239 353 1278 sed
384 1239 492 1278 circa
518 1240 671 1288 species
687 1239 799 1278 Cerae
826 1239 1040 1279 traditioni
1055 1247 1202 1289 quarta:
1217 1239 1405 1278 obnexias
1424 1264 1439 1283 ‚

113 1289 317 1329 discordes
335 1292 426 1330 sunt
442 1321 451 1330 .

59 1341 168 1382 Nam
184 1343 296 1387 juxta
312 1355 469 1381 morem
487 1357 592 1384 nunc
607 1345 820 1394 vigentem
846 1345 886 1383 in
905 1345 1090 1385 Civitate
1106 1345 1235 1385 Affifii
1255 1370 1267 1389 ‚
1298 1343 1436 1383 Cera„

112 1394 335 1433 inserviens
365 1394 616 1436 associationi
634 1397 890 1437 Cadaverum
917 1398 1170 1447 extinguitur
1189 1400 1269 1446 post
1289 1395 1436 1444 ingres-

110 1445 198 1484 sum
216 1447 255 1484 in
276 1447 492 1486 Ecclesiam
510 1473 522 1489 ‚
553 1449 757 1488 &iterum
781 1449 1019 1487 accenditur
1037 1451 1076 1487 in
1107 1449 1288 1497 exequiis
1304 1461 1318 1486 ‚·
1351 1445 1431 1484 Sed

114 1507 210 1536 ante
229 1522 242 1539 ‚
261 1499 298 1536 ὃ(
314 1500 393 1542 post
407 1500 596 1548 exequias
611 1500 739 1538 solum
757 1499 898 1537 ardent
912 1500 1071 1548 aliquot
1089 1498 1209 1537 Cerei
1227 1511 1272 1538 ex
1291 1500 1438 1537 eadem

111 1548 216 1588 Cera
228 1574 241 1593 ‚
271 1551 336 1587 vel
355 1561 401 1588 ex
416 1551 496 1588 alia
512 1550 726 1599 separatim
742 1549 960 1590 transmiffa
975 1552 1021 1590 ab
1035 1551 1260 1589 haeredibus
1273 1551 1321 1589 ad
1334 1553 1440 1588 hunc

113 1601 359 1649 pne-cinnum
373 1600 563 1640 effestum
587 1633 595 1641 .
624 1602 688 1641 De
708 1602 768 1640 his
787 1612 928 1642 autem
943 1601 1084 1642 Cereis
1112 1602 1220 1641 circa
1237 1603 1439 1642 feretrum

113 1653 345 1691 ardentibus
364 1664 458 1693 ante
473 1680 485 1700 ,
516 1656 554 1694 ὃ(
575 1656 654 1700 post
667 1655 855 1704 exequias
876 1680 890 1699 ‚
917 1656 1017 1694 ficut
1034 1655 1162 1694 etiam
1178 1655 1228 1694 de
1241 1654 1437 1693 Candelis

111 1706 285 1744 accenlis
305 1707 341 1743 in
363 1706 574 1745 Altaribus
593 1733 606 1752 ‚
621 1706 775 1746 nullam
789 1708 1024 1756 portionem
1041 1707 1234 1747 Parochis
1248 1707 1332 1746 dari
1347 1719 1441 1745 con-

112 1755 282 1796 sueviffe
311 1756 514 1798 affirmant
541 1759 667 1808 aliqui
686 1758 824 1799 Testes
855 1759 1153 1809 Religiosorum
1173 1786 1185 1805 ‚
1218 1760 1439 1809 casusque,

115 1808 301 1866 referunt
317 1836 330 1853 ‚
353 1810 389 1848 in
412 1811 552 1860 quibus
570 1811 742 1851 Parochi
766 1812 924 1857 nullam
954 1812 1181 1854 earundem
1212 1812 1441 1862 specierum

108 1870 348 1909 por-tionem
369 1865 599 1903 habuerunt
615 1895 625 1905 .
819 1890 821 1892 -

65 1912 248 1970 Qiintus
277 1923 415 1953 autem
435 1915 592 1960 Testis,
622 1917 690 1967 qui
716 1920 769 1958 est
786 1918 1012 1968 Religiosus
1039 1916 1265 1956 Strit‘tioris
1287 1915 1438 1955 Obser-

113 1974 261 2003 vantiae
277 1990 289 2008 ‚
309 1967 522 2015 quamdam
539 1970 731 2009 enunciat
755 1969 1066 2010 adnotationem
1100 1970 1139 2009 in
1158 1969 1356 2008 liberculo
1373 1978 1443 2015 per

116 2015 248 2062 ipsum
268 2027 434 2057 retento
447 2031 655 2060 exaratam
672 2049 683 2067 ,
709 2022 816 2073 quod
835 2023 873 2061 in
900 2024 966 2061 sua
984 2022 1160 2061 Ecclesia
1178 2047 1192 2066 ,
1222 2022 1303 2069 post
1330 2020 1445 2058 abso-

111 2067 223 2106 -lutas
239 2069 436 2119 Exequias
454 2096 467 2114 2
497 2072 629 2111 dividi
646 2075 774 2113 soleat
790 2074 899 2114 Cera-
912 2087 1006 2113 cum
1024 2073 1207 2112 Parocho
1220 2070 1415 2110 Defunsti
1429 2081 1442 2105 t

115 2130 198 2158 nun
216 2128 354 2160 tamen
370 2133 432 2166 ea,
451 2136 534 2170 quae
548 2123 801 2161 affociationi
818 2125 1020 2164 inserviit,
1041 2126 1079 2160 Sc
1099 2124 1268 2161 accensa
1296 2120 1442 2158 manfit

110 2170 239 2221 ,usque
253 2171 301 2210 ad
317 2173 558 2221 exequias,fi
569 2183 760 2220 tempore·
772 2173 1037 2221 exequiarum
1049 2174 1313 2220 extinguatur
1333 2183 1342 2208 :
1359 2169 1443 2209 Ne-

111 2235 195 2273 que
205 2222 310 2263 Cera
325 2225 541 2271 separatim
568 2223 790 2264 transmissa
805 2248 818 2267 ‚
847 2225 952 2263 licet
966 2225 1129 2263 accensa
1147 2223 1272 2263 fuerit
1291 2223 1330 2261 in
1343 2222 1442 2262 Exe-

109 2273 248 2324 quiis.:
277 2288 410 2327 neque
436 2276 602 2316 demum
616 2276 825 2316 Altarium
840 2276 1028 2315 Candelae
1043 2289 1058 2316 ‚·
1086 2276 1153 2315 sed
1180 2277 1336 2325 ignorat
1354 2298 1368 2318 ‚
1391 2286 1442 2313 an

110 2326 296 2371 ejusdem
327 2328 604 2368 adnotationis
628 2329 770 2378 vigeat
797 2327 1079 2368 observantia:
1114 2329 1153 2368 Sc
1184 2326 1341 2371 refert,
1371 2327 1441 2365 suo

109 2385 307 2427 -tempore
322 2380 378 2420 bis
392 2390 582 2430 negatam
597 2407 612 2426 ‚
642 2382 680 2421 Sc
700 2381 756 2419 bis
771 2381 901 2420 etiam
929 2380 1126 2420 traditam
1155 2380 1336 2418 Parocho
1352 2389 1439 2416 me-

110 2429 322 2472 dietatem-
346 2431 464 2472 Cerae
492 2434 669 2473 accensae
700 2442 797 2472 ante
828 2433 1024 2481 Exequias
1057 2459 1069 2478 ‚
1111 2432 1334 2480 subrogatis
1360 2431 1442 2477 post

114 2481 325 2535 ‘Exequias
336 2484 479 2524 Cereis
499 2486 685 2525 Ecclefiae
698 2484 941 2524 tumulantis
957 2511 970 2530 ,
998 2493 1044 2523 ut-
1065 2484 1194 2524 etiam
1222 2480 1362 2522 vidisse
1380 2490 1442 2520 te-

112 2533 453 2584 &atur-septimus
474 2536 625 2577 Testis.
1101 2550 1104 2553 ’
1412 2549 1414 2553 ’

79 2579 275 2627 Enniam
299 2588 511 2628 dividendi
537 2601 721 2628 normam
765 2588 920 2637 profert
954 2601 1024 2637 pro
1056 2588 1230 2627 Ecclesia
1261 2586 1439 2641 Patriar-

129 2635 282 2686 dialis.
295 2641 500 2686 Francisci
516 2653 646 2680 nonus
665 2640 792 2681 Testis
811 2667 824 2684 ‚
855 2641 1075 2680 hodiernus
1113 2640 1224 2678 illius
1239 2638 1405 2677 Sacrista·
1421 2661 1435 2681 ,

123 2691 430 2744 quamgesumit
459 2706 481 2733 a
502 2693 663 2746 publica
690 2706 790 2735 voce
808 2711 834 2737 ‚>
851 2692 888 2732 Sc
905 2692 1012 2733 fama
1028 2718 1042 2738 ,
1077 2693 1115 2733 ὃς
1140 2692 1282 2731 alibro
1298 2689 1436 2729 Confi-

141 2765 146 2770 ·
182 2739 276 2785 Tome
293 2740 461 2787 XXXJA
857 2744 895 2784 A
954 2759 971 2785 2
1288 2743 1437 2782 liorum
