1889 2959
209 186 413 225 thedralem
442 185 618 235 occasione
645 184 943 235 celebrandarum
962 184 1185 233 sunflionnm
1200 210 1213 231 ‚
1242 149 1434 237 ἱρβΙᾳιιὲἷ

212 239 429 276 durantibus
444 239 577 286 eisdem
592 238 825 286 Beneficiatis
840 240 928 276 dare
939 239 1106 279 stallum
1118 266 1130 286 ‚
1150 241 1230 290 five
1245 240 1373 289 sedem
1387 244 1446 280 im

210 292 321 330 Chora
336 318 347 330 .

53 342 122 382 IV.
149 344 220 383 An
233 368 248 388 ,
274 346 318 388 Φ·
333 357 403 393 qua
408 352 513 393 pena
529 345 642 382 iidem
658 344 876 390 Beneficiati
892 344 1088 382 mulfrana'i
1095 345 1168 394 fint
1183 344 1347 395 qualibet
1360 349 1421 384 vi-

210 410 250 434 ce
267 422 279 441 ‚
295 409 364 446 qua
379 398 541 435 eamdem
558 397 798 446 adsistentium
816 409 882 434 non
894 397 1061 446 praestant
1078 425 1089 436 .

51 447 108 488 V.
135 448 207 486 An
220 448 355 497 eisdem
368 449 601 496 Beneficiatis
615 448 852 498 collegialiter
861 450 1136 497 procedentibus
1154 450 1204 487 ad
1230 450 1424 498 Ecclestam

208 501 465 541 cathedralem
477 510 539 550 pro
549 501 748 550 prestanda
761 503 885 540 eadem
902 501 1103 549 adfistentia
1121 501 1265 539 licitum
1270 504 1319 551 fit
1336 504 1364 540 C
1367 516 1428 541 ru·-

206 566 281 592 cem
297 552 441 592 elevare
458 555 559 591 intra
589 553 722 591 limites
759 554 946 592 parochia
971 551 1135 601 Ecclefiae
1163 553 1395 592 Cathedralis
1414 580 1428 598 ‚

210 609 254 650 ἶς’
271 619 352 706 cussa
367 607 492 644 eadem
504 608 617 644 Cruce
634 607 778 644 elevata
789 607 936 654 ingredi
952 606 1114 643 eamdem
1145 606 1338 656 Ecclefiam
1354 610 1426 644 itt-³

213 662 251 696 in
268 672 310 697 ca
327 671 352 696 u
367 660 440 701 &a

56 710 93 750 S.
111 709 382 761 Congregatio
399 709 606 757 respondit
675 709 723 749 ad
752 709 782 749 1.
810 708 1051 758 affirmative:
1081 706 1130 746 ad
1147 706 1201 746 11.
1216 707 1432 758 affirmative

111 762 325 809 adsormam
344 763 670 813 constitutionum:
698 762 747 801 ad
763 761 837 800 111.
854 762 1068 810 affirmative
1098 760 1148 797 ad
1173 764 1327 809 primam
1350 770 1434 811 par-

105 825 178 851 tem
192 840 206 860 ‚
221 815 286 864 nisi
300 816 386 852 hora
395 816 445 862 fit
454 815 662 864 praescripta
675 817 715 852 in
728 814 863 851 tabella
876 815 1022 851 horaria
1037 826 1046 851 ε
1079 811 1334 860 adseeundam
1341 823 1432 863 par·

99 876 175 903 tem
193 891 206 912 ‚
226 865 295 915 effe
311 868 525 916 affignandas
530 867 636 914 sedes
649 867 827 916 distinfias
846 879 867 902 a
884 866 1033 904 Clericis
1051 866 1251 904 Seminarii
1277 867 1429 912 inferio-

102 930 162 955 res
186 928 307 956 tamen
322 920 398 957 illis
417 921 697 959 canonicorum:
731 918 782 959 ad
802 917 871 958 1V.
889 918 1110 968 affirmative
1122 917 1274 956 arbitrio
1283 918 1424 969 Episco-

98 971 141 1020 ps·
158 981 167 1007 τ
183 970 232 1009 ad
251 969 299 1010 V.
316 975 485 1022 negative
499 1002 508 1012 .

52 1020 149 1062 Non
168 1022 301 1062 adhuc
316 1024 500 1064 absoluta
515 1025 791 1066 controversia
810 1027 983 1067 est.Eam
999 1035 1103 1063 nunc
1121 1029 1294 1074 utraque
1306 1022 1421 1063 soda-

101 1075 199 1114 litia
215 1077 435 1116 instaurant
450 1101 463 1120 ‚
480 1089 567 1127 quae
585 1078 841 1117 beneficiatis
856 1076 1060 1118 accedunt
1075 1089 1090 1116 ‚·
1104 1087 1151 1114 ac
1171 1083 1318 1123 petunt
1335 1102 1350 1122 ‚
1381 1082 1429 1115 ut

99 1127 216 1176 leges
233 1127 355 1167 initio
374 1129 421 1167 ab
442 1129 641 1179 Episcopo
654 1131 809 1168 statutae
825 1155 837 1174 ‚
857 1142 952 1181 quas
973 1128 1081 1168 idem
1099 1126 1318 1176 Episcopus
1335 1126 1430 1166 fun·
1494 1132 1496 1136 ’

98 1177 219 1218 dator
233 1179 302 1217 fibi
319 1180 577 1229 explicandas
594 1206 608 1227 ,
643 1181 709 1221 seu
739 1183 997 1232 corrigendas
1027 1178 1255 1219 reservavit
1271 1204 1284 1224 ,
1319 1191 1424 1218 nunc

98 1230 356 1287 euplicentur
371 1256 384 1276 ‚
411 1233 668 1284 corrigantur
680 1254 701 1277 ‚·
723 1245 768 1272 ac
786 1234 1056 1274 moderentur
1068 1245 1083 1273 ‚·
1114 1243 1164 1270 ne
1181 1230 1281 1270 alias
1297 1232 1438 1271 servi*

101 1291 210 1321 num
229 1283 329 1323 defit
347 1285 517 1334 propriae
536 1285 713 1326 ecclefiae
731 1285 944 1330 sodalium,
963 1284 1030 1335 qui
1051 1283 1259 1332 integram
1277 1282 1428 1324 dotem

101 1345 175 1382 pro
190 1335 398 1375 beneficiis
419 1337 622 1386 erigendis
638 1349 661 1376 e
675 1337 744 1376 suo
758 1338 880 1377 censu
901 1336 1170 1386 praestiterunt
1188 1364 1200 1374 .

48 1385 232 1429 Auditus
251 1412 264 1432 ‚
280 1388 342 1426 uti
356 1388 528 1428 debebat
543 1415 556 1434 ,
573 1398 792 1438 antequam
812 1390 928 1429 causa
943 1386 1212 1434 adjudicium
1242 1387 1395 1426 rediret
1411 1411 1426 1432 ,

98 1437 319 1477 hodiernus
336 1439 556 1489 Episcopus
573 1440 673 1481 est.E
694 1454 736 1482 re
750 1443 832 1481 erit
851 1443 938 1487 ejus
955 1440 1078 1481 verba
1099 1437 1423 1478 exscriberem-

101 1503 182 1528 rum
209 1491 258 1527 ad
266 1493 489 1540 parcendum
508 1494 687 1543 expensis,
716 1494 822 1539 &ad
835 1495 1005 1533 divinum
1036 1491 1182 1530 Cultum
1212 1493 1251 1527 in
1281 1490 1426 1536 Benefi-

98 1546 274 1581 ciatorum
287 1544 444 1594 Ecclesia
459 1551 571 1595 magis
585 1547 786 1595 aagendam
799 1549 838 1584 in
852 1547 929 1583 dies
942 1569 955 1587 ‚
970 1557 1051 1583 cum
1065 1555 1198 1581 revera
1217 1541 1416 1580 multitudo

97 1595 229 1644 Populi
241 1597 282 1633 in
293 1611 334 1634 ea
350 1598 443 1648 0017st
448 1609 507 1635 'eat
521 1601 570 1635 ad
587 1601 828 1638 Sacramenta
845 1597 1072 1637 Paenirentiae
1085 1594 1285 1643 praesertim
1306 1597 1427 1645 perci-

90 1651 231 1697 piendae
246 1672 259 1692 ‚
276 1650 453 1698 censerem
466 1651 604 1699 eosdem
620 1651 857 1698 Beneficiatos
871 1654 988 1690 teneri
1012 1648 1257 1686 tantummdo
1291 1649 1340 1685 aei
1365 1651 1420 1685 irr-

91 1701 332 1748 serviendum
349 1705 511 1752 Ecclestae
534 1704 748 1742 cathedrali
764 1707 868 1741 toties
888 1729 901 1748 ‚
928 1706 1063 1753 quoties
1080 1701 1271 1749 Episcopus
1293 1700 1423 1748 filem-

98 1756 197 1791 niter
210 1753 404 1793 celebrabit
419 1757 503 1793 dato
519 1760 569 1793 eis
580 1765 647 1806 per
654 1757 864 1805 Capitulum
878 1758 1023 1794 decenti
1038 1753 1110 1791 loco
1123 1754 1165 1790 in
1183 1754 1294 1790 Chora
1307 1754 1351 1791 ab
1362 1752 1427 1790 illa

96 1807 336 1845 Sacerdotum
345 1808 561 1856 simplicium
573 1834 586 1853 ‚
607 1811 651 1852 &⁴
666 1807 1052 1854 clericorumseiunfffo
1073 1829 1086 1847 ,
1103 1819 1167 1843 nec
1179 1814 1246 1842 n'on
1260 1806 1355 1850 fai-*t'a
1374 1808 1426 1842 eis

97 1856 285 1905 faculzate
299 1861 343 1896 ab
358 1859 440 1898 ΕΒ,
456 1862 502 1894 V
500 1863 548 1898 V.
565 1861 788 1898 concedenda
803 1861 913 1907 causa
938 1860 1028 1896 dmi
1044 1858 1198 1904 acceffus
1216 1858 1423 1895 vexillum...

102 1912 231 1949 Crucis
243 1911 392 1948 elevare
405 1924 471 1948 non
486 1912 669 1960 insignum
689 1910 961 1959 Jurisdiffionis
980 1936 992 1954 ‚
1012 1910 1210 1957 sedpotius
1241 1911 1290 1946 ad
1315 1910 1422 1946 hono-

101 1976 178 2001 rem
194 1987 206 2006 ‚
215 1964 354 2010 fortius
370 1966 453 2012 quia
466 1964 510 1998 ab
527 1976 617 2000 anna
636 1977 649 2001 1
660 1977 679 2005 7
687 1974 747 2006 50.
762 1963 871 2011 usque
889 1964 938 2000 ad
949 1961 1100 2011 praesens
1116 1960 1214 1997 illud
1238 1960 1422 1998 elevare-³

102 2018 222 2053 nemin
234 2029 252 2054 e
270 2016 535 2054 contradicente
549 2015 808 2065 consueverunt
821 2044 833 2054 .
852 2013 1041 2057 Videnda
1057 2013 1110 2053 est
1140 2013 1298 2061 integra
1330 2012 1418 2056 ejus

104 2067 235 2105 relatis
255 2096 265 2106 .

53 2118 151 2158 Non
163 2119 390 2170 acquiescit
409 2119 638 2160 capitulum
654 2118 812 2165 judicio
831 2117 1039 2167 Episcopi.
1058 2116 1166 2173 Hinc
1197 2115 1311 2154 causa
1328 2126 1422 2163 pro-

101 2171 269 2220 ponitur
285 2171 403 2221 super
418 2171 560 2212 iisdem
577 2173 698 2209 dubu’s
714 2185 728 2211 ‚-
745 2178 1022 2219 propugnante
1040 2169 1222 2217 capitulo
1256 2167 1320 2206 sua
1334 2168 1424 2212 jura

99 2233 247 2263 contra
265 2223 531 2264 beneficiatos
549 2250 560 2269 ‚
577 2236 623 2263 ac
642 2235 769 2264 novos
785 2221 1107 2262 c011tradi6tores
1125 2245 1138 2267 ,
1169 2219 1239 2271 qui
1262 2218 1312 2257 ad
1329 2231 1423 2258 cau-

100 2275 186 2315 sam
202 2276 580 2319 venerunt‚sodales
599 2305 609 2315 .

47 2326 220 2378 'Allegat
239 2328 414 2377 primum
431 2326 676 2379 fal'smatque
691 2327 880 2375 usurpato
897 2324 1060 2366 nomine
1077 2324 1359 2365 sodalitiorum
1376 2324 1432 2381 in.

38 2378 40 2381 ’
99 2380 264 2420 staurari
280 2379 404 2419 litem
436 2390 459 2417 a
491 2379 743 2421 beneficiatis
774 2404 786 2424 ‚
817 2390 991 2430 quorum
1016 2379 1100 2417 sola
1127 2377 1299 2425 pecunia
1327 2375 1431 2414 affl·

98 2437 240 2471 tatur:
257 2439 397 2481 patere
416 2431 458 2470 id
473 2431 678 2471 manifeste
691 2457 703 2476 ‚
721 2443 768 2471 ex
784 2432 885 2474 aeris,
903 2432 941 2470 δε
956 2442 1002 2470 ex
1030 2430 1116 2478 ipso
1130 2428 1332 2468 sodalium
1352 2438 1423 2476 per

103 2494 182 2522 non
197 2485 342 2524 bonam
358 2492 491 2523 artem
505 2492 670 2524 extorto
683 2482 869 2531 suffragio
883 2511 895 2521 .
1030 2520 1033 2522 ,
1255 2497 1258 2498 ’

49 2533 117 2579 De
132 2545 183 2573 eo
200 2544 339 2577 autem
353 2562 368 2582 ‚
384 2536 492 2587 quod
511 2535 754 2575 intrinsecus
768 2532 1086 2573 controversiam
1104 2529 1271 2578 respicit
1287 2557 1301 2576 ‚
1333 2530 1396 2570 ait
1411 2557 1428 2576 ,

102 2596 228 2625 onera
243 2587 426 2635 imposita
442 2587 697 2629 beneficiatis
712 2597 807 2627 cum
824 2583 1001 2633 expresso
1016 2583 1216 2623 sodalium·
1230 2582 1438 2622 consensu:

105 2648 152 2677 ea
167 2638 386 2681 convenire
404 2638 730 2680 commodiffime
742 2650 836 2677 cum
853 2637 970 2676 cultu
1002 2636 1180 2676 ecclesi-x.
1197 2634 1235 2673 S.
1254 2635 1408 2675 Rocchi
1420 2646 1434 2673 ι

104 2689 379 2739 fieqlffintiam
399 2692 541 2742 populi
559 2692 690 2737 talem
704 2690 758 2730 ibi
777 2701 854 2728 non
872 2688 947 2729 effe
965 2714 978 2735 ‚
995 2697 1041 2728 ut
1057 2699 1104 2727 ex
1120 2687 1299 2728 absentia
1317 2688 1436 2726 bene·

165 2742 260 2782 Tem.
276 2743 465 2784 XXXIII.
816 2739 857 2780 N
1328 2739 1436 2778 ficia-
