1919 2964
518 186 563 221 ιδ

519 238 651 277 sarum
671 255 684 277 ,
706 246 727 273 a
743 230 912 273 Vicario
928 240 1067 272 autem
1084 244 1155 281 pro
1170 233 1380 275 amstentia
1398 235 1539 277 Curae„
1572 238 1622 277 Et
1640 239 1734 278 ideo
1746 240 1847 277 arbi—

522 300 685 337 trantur
719 285 917 327 Canonici
945 312 958 331 ‚
1001 287 1130 325 etiam
1164 285 1205 328 in
1224 289 1419 336 posterum
1450 300 1473 327 a
1499 289 1667 331 Vicario
1693 290 1848 330 condu-

524 344 699 387 cendum
727 339 803 380 effe
830 338 1223 387 Cappellanumsuis
1240 339 1461 388 sumptibus
1485 366 1498 385 ‚
1526 344 1847 384 cumobservan-

521 400 583 440 tia
601 391 919 446 interpretativa
945 390 1132 432 declaret
1161 414 1175 434 ,
1207 393 1283 432 hoc
1315 404 1416 433 onus
1443 392 1531 443 ipfis
1559 396 1698 435 datum
1727 407 1841 435 notu

519 448 638 491 {uisse
657 477 669 489 .

471 499 868 548 parochianitamen
898 494 1123 535 defendunt
1142 521 1153 541 ‚
1179 495 1276 534 satis
1301 496 1452 537 claram
1469 497 1546 537 esse
1575 499 1708 547 legem
1738 500 1845 540 indi-

519 559 625 596 fiam
641 552 894 591 asammem.
924 548 1145 589 Clemente
1159 547 1273 588 V111.
1293 574 1305 593 ‚
1337 550 1444 599 quod
1471 550 1842 598 Canonieicoadju-

516 614 665 649 vatent
696 606 741 643 V
736 606 890 644 icarium
906 611 969 650 pro
986 610 1137 651 tempore
1163 602 1370 652 exssentem
1395 604 1435 639 in
1452 606 1552 641 dift’ae
1569 603 1730 654 Ecclefiae
1744 608 1776 644 S
1780 617 1843 643 an-

518 664 564 700 &i
581 660 740 709 Joanm's
755 657 924 709 Baptistae
937 679 949 700 ‚
979 657 1040 693 cui
1051 655 1292 704 plurimarum
1307 658 1532 695 Animarum
1551 658 1662 698 Cura,
1677 666 1720 696 ut
1733 660 1841 694 etiam

518 713 690 762 affin-tur
702 735 714 754 ‚
743 709 1081 761 jncumbitservitio
1097 733 1123 757 ,v
1139 711 1181 751 &¹
1195 708 1393 756 ..Mistarum
1410 708 1644 748 celebratione
1656 722 1671 747 5
1700 709 1739 748 δί,
1770 707 1844 748 eis·

515 766 611 806 dem
626 763 756 804 verbis
772 762 989 812 opinantur
1009 786 1020 805 ‚
1049 758 1290 798 Pontificem
1326 758 1570 801 intellexisse
1587 784 1601 805 ‚
1615 771 1691 800 non
1710 761 1842 800 solum

513 816 734 857 Canonieis
754 816 964 864 imponere
977 824 1076 852 onus
1097 811 1342 853 inserviendi
1374 811 1413 850 in
1428 813 1706 853 celebratione
1738 812 1841 852 Mis-

513 871 645 912 sarnm
670 866 906 916 copulative
933 863 1139 913 expressa,
1166 865 1234 904 secl
1264 864 1391 903 etiam
1425 865 1465 904 in
1499 865 1698 906 exercitio
1721 865 1840 905 Curae

518 922 764 964 Animarum
778 919 1016 968 primoloco
1032 917 1258 957 enunciatae
1280 947 1290 956 .
1323 915 1551 958 Praesertim
1570 918 1663 968 quia
1679 943 1692 964 ‚
1721 928 1841 958 ante-

512 984 631 1024 quam
648 972 743 1011 unio
758 970 1024 1022 exequutioni
1038 969 1299 1008 mandaretur
1315 982 1386 1018 per
1403 970 1650 1011 sententiam
1667 970 1715 1008 ab
1735 970 1838 1010 Exe-

511 1036 687 1077 quutore
702 1026 828 1064 latam
844 1023 910 1063 die
930 1036 965 1070 7.
983 1021 1079 1071 Julii
1101 1026 1212 1064 1603.
1229 1047 1242 1066 ‚
1269 1021 1309 1063 in
1329 1021 1503 1061 Ecclefia
1520 1023 1556 1060 S.
1571 1022 1733 1072 joannis
1750 1024 1835 1068 jam

509 1079 648 1122 aderat
677 1076 947 1125 Capuellanus
976 1071 1204 1120 Coadjutor
1225 1099 1238 1118 ‚
1268 1083 1313 1112 ut
1348 1075 1561 1122 colligitur
1593 1086 1638 1113 ex
1666 1075 1833 1123 partitis

509 1130 725 1171 Librorum
741 1126 1044 1167 Parochialium
1071 1125 1261 1165 exhibitis
1278 1137 1299 1164 a
1320 1125 1515 1175 Capitnlo
1532 1151 1543 1170 ‚
1576 1126 1640 1164 ubi
1668 1127 1737 1165 sub
1764 1126 1834 1168 die

513 1181 786 1229 19.Februarii
809 1185 921 1222 1603.
950 1177 1190 1217 describitur
1206 1177 1408 1226 Baptisma
1424 1178 1695 1217 ministratum
1711 1180 1761 1217 da
1778 1192 1834 1219 rae

510 1237 562 1274 D.
580 1236 760 1277 Ortenzio
777 1231 889 1270 Valle
906 1257 920 1276 ‚
949 1230 1017 1280 qui
1036 1231 1074 1268 in
1091 1230 1185 1268 aliis
1201 1230 1362 1276 partitis
1393 1231 1636 1270 enunciatur
1651 1229 1830 1279 Caunei-

507 1288 623 1326 lanus
637 1299 652 1326 ‚·
681 1286 720 1325 3<
736 1293 950 1334 propterea
967 1295 1061 1321 cum
1087 1283 1124 1320 in
1142 1281 1292 1322 Literis
1308 1283 1553 1331 Apostolicis
1569 1282 1745 1331 expreffe
1760 1296 1830 1323 ca·

507 1347 651 1378 veatur
664 1361 679 1383 ‚
709 1337 817 1388 quod
830 1349 901 1386 per
915 1334 1109 1374 unionem
1123 1334 1229 1373 Cura
1246 1335 1489 1375 Animarum
1509 1336 1744 1375 nullatenus
1763 1348 1831 1375 ne-

500 1391 706 1449 gligatur,
721 1389 789 1430 sed
801 1400 978 1438 congrue
996 1386 1422 1435 supportentur-onera
1436 1387 1629 1426 consueta
1647 1402 1661 1427 ,-
1679 1387 1827 1429 exinde

502 1442 682 1481 msertur
699 1467 711 1485 ‚
742 1441 849 1490 quod
866 1440 904 1480 in
921 1439 1240 1488 praecedentibus
1266 1440 1398 1482 verbis
1429 1440 1617 1479 Summus
1639 1439 1832 1480 Pontifex

501 1493 687 1533 voluerit
702 1492 929 1532 canonicos
945 1491 1123 1539 obligare
1142 1491 1190 1529 ad
1207 1491 1532 1538 coadjuvandum
1553 1490 1763 1531 vicarium
1786 1492 1829 1530 in

499 1546 608 1585 Cura
623 1544 868 1583 Animarum
881 1542 921 1582 in
939 1553 1109 1582 munere
1125 1542 1520 1588 Coadjutoris‚cujus
1540 1544 1723 1589 retentio
1735 1552 1827 1584 erat

500 1609 601 1636 onus
616 1595 857 1635 consuetum
875 1594 1060 1633 Ecclefiae
1083 1622 1094 1635 ,

450 1651 496 1694 Id
512 1650 640 1689 etiam
655 1647 810 1689 suaderi
828 1644 1081 1686 contendunt
1113 1648 1158 1683 ab
1177 1646 1334 1687 indulta
1350 1646 1615 1695 perceptione
1634 1643 1824 1686 distribu-

498 1703 659 1741 tionum
677 1701 715 1738 in
732 1698 910 1740 absentia
927 1724 939 1742 ‚
976 1710 1069 1738 cnm
1085 1709 1150 1736 eas
1172 1699 1350 1746 apprime
1371 1700 1581 1737 lucrentur
1600 1698 1628 1736 ii
1647 1723 1658 1741 ‚
1676 1698 1825 1747 quibus

499 1753 691 1793 imminet
719 1750 826 1791 Cura
855 1750 1098 1790 Animarum
1112 1776 1123 1793 ‚
1153 1760 1196 1791 ut
1228 1760 1398 1792 cavetur
1429 1750 1468 1788 in
1498 1750 1618 1791 Sacro
1632 1748 1824 1789 Concilio

476 1848 483 1855 ,
498 1804 748 1845 Tridentino
758 1803 919 1852 sest-²2·
939 1812 1054 1852 cap.3.
1072 1805 1118 1840 de
1134 1802 1296 1849 Reform.
1310 1820 1328 1847 ⁷,
1345 1804 1384 1846 ἃς
1396 1802 1583 1842 definivit
1599 1805 1685 1843 haec
1702 1802 1823 1842 Sacra.

497 1855 778 1907 congregatio
802 1859 841 1893 in
860 1857 998 1895 ,Montis
1028 1854 1179 1903 Regalis
1208 1857 1511 1905 Dt'strihutionum
1537 1860 1576 1895 6.
1608 1857 1824 1892 Decembris

501 1922 614 1956 1732·
630 1910 762 1948 lib.82.
783 1909 1122 1956 Decret,pag.580.
1142 1919 1152 1944 t
1182 1909 1220 1947 ἃ
1237 1920 1283 1948 ex
1303 1906 1569 1956 affignatione
1602 1906 1820 1947 Cubiculo-

495 1973 585 2003 xum
604 1961 643 2003 in
657 1958 823 2001 AEdibus
840 1958 1142 2000 parochialibus
1157 1986 1168 2005 ‚
1185 1974 1278 2000 cum
1295 1958 1495 1998 facultate
1516 1958 1555 1997 in
1573 1960 1630 1997 eis
1650 1970 1819 1998 manen-

495 2015 535 2053 di
561 2012 630 2052 diu
648 2037 661 2055 ‚
690 2013 893 2060 nostrique
911 2037 923 2055 ‚
952 2010 1061 2061 quod
1095 2012 1268 2051 minime
1284 2010 1547 2054 necelsarium
1579 2009 1715 2052 fuiff'eu
1743 2023 1817 2059 pro

494 2066 579 2105 sola
595 2063 870 2106 celebratione
884 2063 1118 2104 Miffarum:
1147 2065 1184 2105 Sc
1216 2065 1363 2104 clarius
1392 2076 1438 2102 ex
1470 2062 1684 2103 Sententia
1701 2062 1753 2102 A.
1770 2062 1818 2103 C.

493 2115 749 2157 Cavallerini
764 2115 848 2153 lata
864 2126 969 2152 anno
990 2120 1104 2162 1687.
1122 2140 1136 2159 ‚
1152 2117 1218 2155 cui
1236 2116 1338 2155 nihil
1355 2114 1520 2154 officere
1536 2123 1681 2162 putant
1700 2114 1818 2154 affer-

492 2176 581 2209 tam
593 2166 826 2209 vitalitiam
842 2166 1156 2207 transatstionem
1169 2180 1263 2207 cum
1279 2166 1447 2211 Vicario
1479 2165 1640 2205 Thoma
1655 2179 1677 2207 a
1693 2165 1816 2206 Valle

489 2220 854 2268 stipulatam;,cum
871 2219 950 2257 haec
963 2217 1154 2258 videatur
1165 2217 1376 2266 respexisse
1394 2216 1580 2256 interesse
1597 2229 1782 2265 congruae
1798 2244 1816 2263 ‚

492 2274 532 2314 δε
547 2272 658 2312 usum
676 2267 928 2321 quorundam
947 2268 1149 2309 Bonorum
1164 2294 1177 2314 ,
1190 2282 1264 2308 nec
1283 2267 1377 2307 satis
1398 2266 1536 2316 pateat·
1554 2293 1567 2312 ‚
1580 2280 1627 2308 ex
1648 2268 1815 2309 defertu

491 2323 758 2364 exhibitionis
772 2320 991 2366 libelli‚sub
1007 2321 1200 2370 generico
1213 2321 1329 2370 paeto
1346 2318 1665 2360 renunciationis
1683 2321 1749 2360 liti
1769 2322 1810 2361 in

491 2376 605 2416 Urbe
635 2373 875 2417 introduftae
905 2372 1056 2413 venisse
1084 2386 1208 2413 onera
1226 2372 1527 2412 Canonicorum
1554 2372 1669 2421 super
1697 2373 1813 2412 cele-

489 2428 675 2469 bratione
694 2424 834 2469 Milan,
848 2425 1110 2469 &affistentia
1124 2425 1239 2465 Cura·-
1251 2424 1496 2463 Animarum
1513 2422 1655 2464 favore
1668 2424 1810 2465 Eccle-

492 2482 553 2523 fiae
571 2479 779 2529 S.Joannis
794 2477 989 2528 Baptistae‚
1004 2491 1075 2528 per
1087 2479 1189 2527 ipsos
1204 2475 1463 2526 adimplenda
1478 2506 1487 2516 .
1666 2519 1668 2521 ,

444 2533 537 2574 Nec
553 2534 703 2572 obstare
718 2556 730 2578 ‚
759 2532 886 2572 immo
899 2529 1080 2579 prodesse
1096 2538 1323 2571 autumant.
1336 2528 1635 2569 observantiam
1649 2552 1662 2572 ‚
1693 2541 1803 2580 quaa

489 2585 671 2628 constat,
699 2584 852 2633 pluries
873 2583 1116 2632 Cappollani
1133 2609 1146 2629 ,
1170 2584 1208 2622 Sc
1231 2580 1450 2632 aliquoties
1476 2581 1604 2620 etiam
1619 2580 1800 2620 Canoni—

494 2646 634 2676 corum
649 2635 802 2676 auxilio
816 2635 1002 2681 adjutum
1013 2633 1129 2675 fuisse
1159 2634 1369 2676 Vicat-ium
1384 2633 1423 2674 in
1441 2633 1638 2672 exercitio
1653 2633 1769 2672 Curae
1784 2648 1815 2674 ς.

494 2690 533 2729 δε
549 2688 735 2728 cumnon
751 2689 902 2729 constet
918 2711 932 2730 ‚
956 2687 1225 2737 Cappellanos
1253 2685 1470 2726 conduc‘tos
1491 2683 1607 2726 fuiffe
1635 2686 1809 2734 sumpti-

492 2744 563 2784 bus
575 2738 766 2786 vicarii,
777 2740 942 2780 censent
953 2739 1273 2790 praesumendum
1286 2737 1379 2784 effe,
1395 2737 1617 2787 deputatos
1639 2736 1759 2828 fuiffgt⁸
1781 2751 1803 2777 a

1055 2811 1067 2825 „¹
1743 2802 1803 2835 42-
