1919 2964
474 252 580 291 lieet
615 249 697 288 duo
713 259 759 288 ex
775 246 1129 287 examinatoribus
1149 260 1243 288 eum
1271 250 1317 286 de
1329 249 1567 298 qualitatibus
1584 253 1817 289 mediocriter

479 299 827 351 approbaverint:
857 299 1099 345 immerito,
1124 309 1250 350 atque
1283 300 1535 345 injustiffime
1564 304 1604 343 se
1621 300 1822 352 posthabi—

480 363 570 394 tum
591 379 604 400 ,
636 351 705 404 qui
723 351 1061 401 approbationem
1079 352 1130 394 de
1145 353 1331 392 omnibus
1353 376 1364 395 ‚
1396 361 1519 403 atque
1550 357 1599 394 ab
1625 356 1816 396 omnibus

475 407 597 446 unica
613 417 717 446 voce
737 406 992 446 commeruit
1009 404 1129 445 :satis
1146 404 1214 444 fibi
1228 403 1345 444 fuisse
1361 404 1638 447 testimonium
1653 408 1815 457 Episco-

476 458 520 509 pi
537 458 673 508 ipsius,
693 458 732 497 Sc
747 458 951 507 praecipue
969 457 1133 498 decura
1151 457 1380 497 animarum
1397 481 1410 501 ‚
1435 470 1558 508 quam
1577 460 1813 510 quindecim

479 521 678 550 annorum
698 510 833 558 spatio
849 521 1091 552 exercuerat
1111 540 1121 550 .

425 563 661 613 Respondet
694 564 815 613 Borgh
839 562 987 603 debere
1014 564 1143 614 Agim
1176 562 1238 601 uti
1271 562 1458 604 odiosum
1474 563 1816 613 impetratorem

475 617 618 656 omnia
633 618 800 664 probare
814 615 1062 656 evidenter:
1096 614 1305 655 Vicarium
1323 618 1564 667 generalem
1598 626 1696 656 ante
1728 627 1817 655 exa-

477 681 576 709 men
608 677 876 708 monumenta
905 669 1043 708 omnia
1088 680 1158 718 per
1174 670 1476 717 competitores
1519 669 1650 708 allata
1678 679 1818 708 coram

475 721 678 771 Episcopo
695 747 709 766 ‚
738 730 863 772 atque
893 720 1244 762 examinatoribus
1270 720 1510 771 perlegisses
1541 721 1717 773 ideoque
1732 731 1817 759 mc-

478 774 573 816 liori
590 775 713 813 modo
729 774 902 821 impleta
919 772 999 814 esse
1015 800 1029 819 ,
1055 787 1142 824 quae
1157 773 1400 813 constitutio
1416 773 1686 814 Benedictina
1716 784 1817 821 prae-

476 827 649 869 scribit:
673 826 777 866 nihil
795 824 961 870 facere,
992 827 1099 878 quod
1117 824 1327 866 defuerint
1354 825 1624 871 cancellarii,
1653 826 1820 875 Episco-

477 879 548 931 pi,
574 888 700 930 atque
719 878 1049 919 examinatorum
1085 878 1400 928 subscriptiones
1429 879 1471 918 in
1499 877 1818 928 responsionibus

477 930 589 973 datis
604 956 618 976 ‚
648 939 694 971 ut
709 930 940 980 praescripfit
955 931 1041 971 Sac.
1061 931 1344 982 congregatio
1372 933 1412 971 in
1430 931 1512 971 suis
1545 930 1726 970 decretis
1753 944 1822 968 an-

480 989 652 1029 221721.
670 997 684 1023 ‚·
718 983 758 1023 id
773 983 911 1029 enim,
947 984 1007 1023 ait
1025 1011 1038 1030 ,
1069 984 1285 1023 confilium
1306 983 1420 1025 fuiffe
1436 1010 1450 1030 ‚
1483 993 1528 1023 ut
1548 995 1818 1034 quaecumque

482 1035 725 1078 cancellarii
744 1035 852 1077 fraus
869 1037 1107 1077 vitaretur:
1134 1037 1231 1076 satis
1257 1036 1509 1088 caeteroquin
1542 1036 1748 1086 provisum
1775 1036 1823 1074 ab

480 1090 684 1139 Episcopo
697 1115 710 1134 ,
727 1089 797 1141 qui
812 1088 951 1129 omnia
968 1089 1307 1129 concurrentium
1326 1091 1476 1139 scripta
1505 1100 1629 1137 penes
1647 1089 1687 1128 se
1718 1087 1823 1127 reti-

479 1142 574 1182 nuit
591 1166 605 1186 ,
635 1141 698 1181 uti
714 1150 836 1181 antea
856 1141 1008 1182 fastum
1027 1154 1064 1180 in
1078 1154 1124 1181 ea
1140 1142 1251 1181 curia
1268 1145 1426 1191 semper
1450 1141 1589 1182 fuerat
1608 1165 1623 1186 ‚
1653 1140 1705 1181 de
1737 1153 1820 1192 quo

478 1194 742 1245 probationes
757 1195 850 1234 sunt
863 1196 909 1233 ab
927 1209 1015 1232 anno
1036 1198 1150 1236 1630.
1166 1195 1289 1246 usque
1309 1194 1358 1234 ad
1381 1195 1550 1241 praesens
1569 1223 1579 1232 .

430 1247 495 1289 De
510 1246 685 1287 secunda
700 1247 977 1287 controversia
992 1245 1128 1287 asserit
1140 1247 1379 1286 Concilium
1405 1244 1703 1285 Tridentinum
1730 1245 1820 1284 san-

482 1298 580 1340 xisse
596 1299 718 1339 unice
735 1323 748 1342 ‚
773 1299 882 1350 quod
899 1301 1062 1348 perac‘to
1093 1300 1280 1340 examine
1297 1326 1309 1345 ,
1342 1299 1639 1339 renuncientur
1670 1302 1825 1348 quicun-

483 1365 553 1404 que
570 1353 694 1389 idonei
696 1350 867 1406 judicati
873 1353 1022 1400 fuerint
1038 1353 1192 1389 moribus
1210 1378 1222 1397 ‚
1238 1354 1416 1395 doffrina,
1429 1353 1627 1399 prudentia
1646 1375 1660 1394 ,
1677 1353 1719 1394 ἔγ
1733 1352 1817 1388 aliis

486 1405 592 1443 rebus
608 1404 658 1440 ad
673 1414 866 1442 vacantem
877 1405 1059 1454 ecclefiam
1069 1406 1345 1453 gubernandam
1361 1407 1563 1452 opportunis
1577 1413 1587 1440 ε
1616 1403 1710 1441 hinc
1739 1403 1824 1451 spe-

488 1456 682 1496 &andum
699 1454 778 1496 effe
806 1456 904 1507 quid
922 1457 1222 1496 examinatores
1256 1470 1334 1496 non
1361 1457 1494 1495 solum
1525 1455 1576 1495 de
1605 1454 1824 1498 doetrina,
1880 1453 1884 1456 '

487 1508 557 1550 sed
576 1507 628 1547 de
639 1508 734 1548 aliis
750 1509 915 1548 meritis
933 1510 1155 1550 retulerint
1175 1521 1184 1548 :
1213 1509 1510 1548 monstrandam
1523 1507 1715 1558 “alioquin
1745 1505 1824 1547 effe

483 1569 648 1601 certam
663 1558 886 1600 falfitatem
902 1584 917 1604 ‚
944 1562 1010 1601 vel
1027 1563 1190 1600 certum
1209 1574 1390 1601 errorem
1406 1591 1417 1601 .
1446 1561 1655 1601 Caeterum
1671 1560 1721 1599 ad
1735 1571 1825 1609 exa-

485 1613 716 1654 minatores
733 1613 855 1653 unice
870 1613 1082 1662 pertinere
1098 1615 1317 1662 approbare
1333 1640 1347 1660 ‚
1379 1622 1450 1653 aut
1466 1614 1680 1663 reprobare
1709 1623 1824 1651 com-

480 1666 688 1717 petitores
718 1677 729 1704 :
771 1665 929 1705 abunde
967 1677 1040 1713 pro
1071 1666 1113 1705 se
1141 1667 1280 1706 haberi
1312 1691 1326 1712 ,
1362 1665 1471 1716 quod
1497 1668 1546 1706 ab
1565 1665 1826 1706 examinato·-

480 1718 595 1775 ribus
623 1718 724 1806 itu-ste
758 1718 1003 1767 approbatus
1035 1716 1165 1757 fuerit
1184 1731 1194 1757 :
1222 1719 1272 1757 de
1307 1719 1471 1769 reliquo
1492 1717 1699 1764 judicium
1717 1716 1827 1766 ‘Epi-
1848 1745 1853 1748 »

484 1770 598 1819 scopl
614 1782 636 1808 e
670 1781 693 1808 e
713 1799 723 1809 .
1048 1815 1056 1817 ‚

427 1821 546 1865 Hinc
564 1822 697 1870 postea
712 1820 764 1860 de
777 1819 936 1867 judicio
952 1822 1170 1871 Episcopi,
1196 1831 1426 1872 propugnat
1440 1834 1649 1874 nunquam
1664 1823 1718 1864 de
1731 1823 1821 1869 jure

483 1872 773 1915 irrationabile
792 1873 876 1912 dici
892 1874 998 1921 poffe
1012 1898 1026 1917 ,
1045 1876 1072 1913 fi
1088 1887 1216 1913 unum
1234 1887 1280 1913 ex
1296 1875 1531 1924 approbatis
1565 1875 1603 1914 in
1624 1875 1823 1918 concursu

482 1927 611 1976 eligat
625 1939 640 1965 ,-
657 1937 790 1976 neque
805 1925 963 1964 idcirco
980 1928 1028 1964 ab
1044 1938 1094 1965 eo
1111 1927 1390 1966 recedendum
1411 1926 1705 1967 :certiffirnam
1719 1929 1822 1966 hane

483 1977 561 2020 effe
579 1977 680 2024 juris
698 1976 1093 2027 canonici'regulam
1123 1979 1274 2028 Barbas.
1291 1981 1336 2017 de
1346 1981 1497 2029 paroch.
1511 1989 1611 2028 part.
1623 1991 1657 2019 1.
1689 1989 1766 2029 cap.
1783 1993 1819 2019 2.

481 2044 609 2077 num.9
617 2044 650 2069 2.
664 2052 679 2074 ‚
694 2030 879 2078 Pafferin.
896 2031 943 2068 de
957 2030 1056 2070 elefl.
1075 2041 1150 2081 cap.
1158 2044 1194 2074 3.
1214 2045 1410 2081 num.104„
1433 2058 1446 2077 ‚
1463 2033 1595 2072 adden.
1613 2033 1664 2071 ad
1673 2035 1823 2073 Buratt.

481 2082 647 2134 decffl63
658 2088 864 2126 5.num.13.
882 2106 896 2125 ‚
909 2084 995 2121 Rot.
1016 2096 1135 2121 coram
1152 2087 1261 2123 Cerro
1274 2086 1582 2134 decrfifi710alum.
1586 2099 1625 2132 9.
1644 2087 1822 2134 dec.423;

480 2149 622 2182 numa.
638 2134 1016 2179 coramRembold.‚&
1029 2140 1069 2174 in
1087 2134 1265 2175 Firmana
1279 2138 1509 2176 Parochialis
1530 2144 1590 2178 26.
1597 2137 1693 2189 Just.
1703 2151 1748 2185 17
1754 2149 1818 2181 52.

482 2187 739 2232 5.3.cor.E›520
754 2188 898 2226 Melino
915 2199 926 2225 :
944 2186 1294 2229 constitutionem
1310 2203 1411 2230 vero
1431 2189 1745 2231 Benedit‘tinam
1759 2189 1822 2229 ni-

488 2240 549 2279 hil
573 2239 623 2279 de
639 2240 841 2285 ejusmodi
862 2252 906 2279 re
922 2239 1178 2281 immutaffe.

433 2291 534 2332 Inde
549 2291 599 2331 de
615 2291 697 2330 suis
712 2291 874 2331 meritis
888 2291 1121 2332 sermonem
1136 2294 1258 2332 habet
1272 2306 1288 2334 ,-
1303 2293 1355 2334 de
1372 2295 1438 2334 sua
1455 2303 1579 2335 aetate
1595 2296 1819 2346 quadrage·

482 2343 597 2385 naria
611 2369 624 2390 ,
654 2343 705 2383 de
721 2344 862 2383 laurea
878 2343 980 2388 juris
999 2369 1012 2389 ‚
1037 2344 1088 2384 de
1103 2347 1304 2393 potestate
1317 2347 1386 2387 fibi
1405 2347 1513 2387 facta
1528 2349 1577 2387 ab
1592 2362 1682 2387 anno
1704 2360 1774 2393 175
1785 2361 1818 2385 2.

484 2395 666 2437 docendi
687 2396 1022 2445 grammaticam,
1041 2397 1341 2447 philosophiam
1362 2426 1374 2443 ‚
1392 2410 1518 2452 atque
1534 2399 1790 2449 theologiam
1805 2413 1822 2441 ,⁴

482 2446 694 2489 inservisse
710 2448 845 2496 plures
860 2461 983 2488 annos
1000 2450 1236 2499 collegiatae
1258 2451 1356 2491 Divi
1372 2451 1516 2494 Pauli,·
1531 2450 1734 2492 decennio
1754 2452 1818 2490 in·

482 2510 603 2551 tegro
618 2500 857 2547 praefet‘tum
875 2527 889 2547 ‚
907 2502 945 2542 Sc
957 2513 1223 2542 oeconomum
1240 2503 1446 2545 seminarii
1461 2503 1574 2544 fuiffe
1591 2528 1604 2548 ‚
1636 2504 1821 2544 triennio

481 2551 635 2594 dedisse
648 2565 817 2602 operam
835 2554 1074 2595 instruendis
1097 2555 1264 2596 clericis
1280 2557 1530 2598 cathedralis
1543 2558 1714 2602 jubente
1729 2556 1818 2604 epi-

483 2607 607 2653 scopo
622 2632 634 2652 ,
652 2607 691 2646 &
710 2607 899 2654 capitulo
913 2621 927 2648 ‚-
956 2608 997 2647 in
1015 2608 1204 2656 pastorali
1222 2609 1456 2650 vifitatione
1471 2610 1601 2649 sacras
1617 2607 1822 2649 miffiones

483 2657 680 2708 peregisse
695 2672 710 2699 ‚·
740 2659 780 2699 se
798 2658 1087 2700 confessarium
1120 2661 1368 2701 monialium
1383 2688 1396 2707 ‚
1425 2662 1767 2702 concionatorem
1782 2661 1823 2700 in

483 2710 656 2748 ecclesia
669 2711 899 2752 cathedrali
915 2713 1053 2753 insulae
1069 2714 1252 2754 Garulos‚·
1283 2713 1498 2765 quinquies
1535 2715 1576 2754 in
1591 2714 1690 2754 aliis
1724 2726 1822 2754 cou-

483 2761 662 2802 curfibus
675 2763 726 2803 ad
740 2764 932 2806 ecclesias
950 2765 1210 2816 parochiales
1237 2767 1536 2817 approbatum.
1563 2766 1702 2828 Addit
1728 2778 1821 2857 ιΞ-Υιζ·

1075 2833 1079 2836 ·
1696 2855 1700 2858 .
1756 2829 1827 2858 en—
