1889 2959
132 280 182 315 da
203 277 277 328 post
292 276 482 314 meridiem
510 281 726 314 conveniant
753 279 792 314 in
817 277 909 314 dieto
937 278 1046 328 nostro
1077 276 1224 317 Palatio
1254 237 1458 330 Epistopigli

135 332 313 369 Civitatis
331 331 376 366 V
371 329 506 367 allecte
521 330 615 379 adse
623 327 893 382 subjiciendum
910 333 1072 367 examini
1083 341 1148 379 per
1165 333 1380 380 Concursum
1395 334 1458 370 ἰω-

130 384 242 421 hendo
257 395 373 420 coram
390 384 510 421 Nobis
527 406 539 427 ‚
570 386 612 427 ὠ·
625 385 942 421 Εκανωηαῐθνὶἰνω
959 383 1205 432 Synodnlibus
1226 410 1238 428 ‚
1261 397 1303 422 uc
1319 384 1426 437 exjis
1442 411 1457 430 0

127 449 212 486 qnos
240 435 393 481 conset-‘lo
422 439 587 472 examine
600 461 612 480 ‚
640 446 745 474 aetate
758 461 770 480 ,
799 437 959 472 duchina
989 461 1002 479 ‚
1027 437 1223 484 prudentia
1259 461 1272 479 ‚
1303 439 1459 487 aliisque

127 489 233 527 rebus
247 490 295 524 ad
309 501 403 525 σανα
415 492 618 525 animarum
631 489 892 537 benegerendae
907 491 1082 524 rationem
1101 494 1300 536 opportunis
1313 493 1456 528 idoneos

127 540 199 588 eff'e
214 549 430 589 compertum
442 542 514 577 erit
531 568 541 579 .
571 543 656 579 Nos
670 556 772 591 quem
786 543 921 578 caeteris
939 542 1050 588 magis
1082 542 1250 578 idoneum
1279 545 1459 589 censueri-

130 606 208 631 mus
222 595 272 629 ad
280 593 526 641 praescriptum
540 594 578 633 d.
613 595 699 632 Su.
731 593 863 632 concil.
897 593 1062 630 Trident.
1097 593 1202 630 illum
1218 598 1260 632 in
1292 595 1458 646 Ecclesiae

130 649 298 685 vacantis
324 648 507 683 Reiiorem
527 669 540 689 ‚
576 648 847 695 Parochmque
876 645 1044 694 eligemus
1059 667 1071 687 ‚
1101 648 1144 688 &²
1156 648 1393 695 praeficiemus
1408 677 1418 687 .

85 691 151 738 De
167 697 509 738 examinatoribus
530 711 629 737 vcro
649 725 661 743 ‚
691 699 858 738 dubium
875 710 951 736 non
970 696 1186 736 videretur
1214 698 1290 738 effe
1316 712 1460 738 eorum

127 751 392 791 durationem
410 750 555 790 saltem
576 752 754 800 incipere
779 750 828 789 ad
856 761 1007 789 annum
1040 749 1088 788 ab
1118 749 1198 798 ipsa
1223 751 1430 792 electione
1448 778 1462 798 ,

126 818 152 858 q
170 816 229 842 uae
262 816 357 842 cum
381 804 574 842 consensu
605 804 779 853 capituli
804 803 874 841 fiat
895 831 906 842 .
933 801 1084 841 Literae
1104 803 1298 849 facultatis
1324 829 1339 849 ,
1373 817 1460 855 quse

128 856 341 906 Episcovis
356 855 505 895 dantur
521 881 534 899 ‚
565 855 742 904 expresse
757 858 908 896 habent
925 879 938 899 ‚
964 855 1459 904 impertiuntur-facultatem

128 909 292 959 eligendi
307 911 354 946 de
382 908 553 958 consensu
581 910 743 958 Capituli
758 912 1033 948 Examinatores
1046 909 1242 958 Synodales
1254 910 1303 946 ad
1326 923 1461 949 annum

125 964 320 1001 duraturos
336 986 351 1007 ‚
379 973 426 1002 cx
445 962 587 1013 quibus
607 971 723 1008 patet
739 961 942 1012 praefixurn
969 960 1063 999 anni
1094 961 1319 1000 terminum
1345 960 1463 1001 dura-

123 1015 233 1055 tioni
248 1015 477 1054 electorum
498 1015 721 1062 appositum
739 1039 753 1059 ‚
784 1015 852 1067 qui
869 1012 971 1053 alias
989 1013 1196 1062 integrum
1214 1025 1362 1052 annum
1381 1026 1461 1054 non

125 1068 394 1118 perdurarent
416 1096 426 1107 .
458 1068 638 1107 Dubium
655 1076 797 1107 tamen
813 1066 914 1106 essct
929 1078 979 1105 an
996 1065 1142 1115 possint
1162 1066 1365 1116 Episcopi,
1379 1068 1461 1116 post

123 1129 318 1169 acceptas
338 1121 482 1160 literas
500 1146 513 1165 ‚
543 1133 590 1159 ea
605 1120 809 1160 facultate
826 1129 1015 1168 tempore
1033 1142 1046 1163 ‚
1075 1130 1156 1168 quo
1174 1119 1290 1158 lubet
1319 1143 1333 1163 ‚
1364 1119 1426 1158 uti
1443 1131 1461 1160 3

121 1183 177 1212 nc
193 1173 250 1212 ita
271 1172 463 1212 eludatur
483 1184 596 1212 mens
614 1173 651 1211 S.
667 1170 1011 1221 Congregationis
1029 1193 1041 1213 ‚
1057 1182 1144 1218 quae
1174 1182 1263 1210 eam
1281 1170 1427 1210 tribuit
1445 1194 1461 1215 ‚

118 1225 255 1265 donec
281 1232 452 1273 cogatur
481 1224 655 1273 synodus
672 1249 686 1269 ‚
717 1237 802 1275 quac
825 1237 931 1264 anno
961 1221 1149 1276 quolibet
1178 1235 1225 1263 ex
1266 1221 1462 1264 Concilio

121 1277 217 1325 cogi
233 1276 358 1316 debet
375 1301 387 1320 ‚
417 1276 455 1316 Sc
470 1290 555 1327 quae
572 1277 670 1317 alias
686 1286 907 1328 cogeretur
921 1286 1132 1326 nunquam
1147 1306 1158 1316 .

73 1333 120 1377 [n
137 1328 246 1368 fae‘to
259 1337 404 1368 autem
424 1330 730 1377 ponderandum
749 1355 763 1376 ,
792 1330 900 1378 quod
933 1328 1067 1369 literae
1102 1328 1316 1368 facultatis
1349 1327 1463 1367 dataer

124 1390 244 1421 erant
257 1381 326 1421 die
343 1386 408 1421 28.
426 1381 622 1420 Februarii
645 1387 760 1430 1761.
781 1382 943 1421 Elefflo
972 1393 1064 1421 cum
1080 1381 1270 1422 consensu
1287 1379 1466 1429 capituli

124 1433 233 1473 faRa
257 1434 313 1473 est
341 1434 408 1473 dic
431 1448 491 1473 ιο.
515 1436 638 1484 mensis
653 1434 803 1484 Aprilis
822 1439 935 1481 1762.
953 1464 964 1473 .
995 1434 1037 1473 Si
1064 1434 1217 1475 elec‘tio
1236 1431 1341 1471 facta
1362 1433 1466 1472 exti-

122 1485 235 1526 tiffet
250 1487 388 1526 mense
405 1486 570 1536 Aprili,
589 1488 655 1528 vel
672 1488 801 1528 ctiam
816 1485 924 1540 Majo
940 1485 1123 1532 ejusdem
1146 1489 1279 1533 1761.‚
1297 1482 1462 1525 fortaffe

122 1538 318 1589 legitima
337 1538 510 1578 dicenda
538 1539 637 1580 effer
653 1541 704 1579 ob
725 1539 982 1580 maritimum
997 1539 1077 1580 iter
1105 1539 1153 1577 ab
1180 1536 1289 1578 Urbe
1309 1536 1358 1576 ad
1373 1537 1465 1577 Me-

122 1591 317 1631 litensem
336 1590 510 1630 Insulam
528 1617 541 1637 ‚
557 1604 650 1631 cum
672 1593 794 1631 maris
810 1592 886 1632 viae
915 1592 1022 1631 certi
1040 1591 1269 1633 mensuram
1299 1589 1465 1629 itineris

122 1645 272 1684 habere
290 1653 523 1694 nequeant.
554 1643 696 1684 Multo
712 1645 859 1694 magis,
877 1645 971 1696 quia
986 1646 1069 1692 post
1084 1644 1197 1683 diem
1216 1648 1278 1682 28.
1297 1642 1465 1681 Februa-

121 1699 174 1735 rii
190 1719 204 1739 ‚
235 1695 419 1736 insecuta
437 1695 714 1747 Congregatio
728 1697 866 1736 habita
881 1697 935 1736 est
948 1696 1016 1736 die
1038 1710 1052 1734 1
1065 1711 1097 1736 1.
1115 1693 1269 1746 Aprilis
1284 1722 1295 1734 .
1311 1693 1466 1735 Literae

119 1756 262 1790 autem
279 1748 351 1788 etfi
371 1748 512 1795 paullo
525 1756 621 1788 ante
636 1749 742 1789 datae
761 1747 889 1789 essent
904 1772 917 1795 ,
948 1756 1087 1790 tamen
1103 1748 1216 1791 diem
1232 1745 1464 1799 praecedeu-

120 1802 178 1841 tis
195 1799 541 1851 Congregationis
562 1800 810 1841 habuissent.

62 1852 419 1897 Confiderandum
452 1853 592 1903 itaque
611 1879 625 1898 ‚
655 1867 753 1893 num
781 1852 854 1892 etsi
884 1853 1120 1894 retardetur
1138 1852 1291 1894 elee'tio
1309 1875 1323 1898 ‚
1351 1858 1461 1892 atta·

121 1919 219 1948 men
237 1905 464 1944 dummodo
483 1904 591 1943 intra
613 1917 764 1945 annum
790 1918 813 1943 a
843 1903 911 1945 die
935 1914 1202 1954 acceptarum
1240 1906 1463 1945 literarum

114 1959 189 2000 fiat
203 1983 218 2001 ,
248 1957 352 1995 licet
381 1956 684 1996 examinatores
704 1969 726 1996 a
739 1956 806 1996 dic
824 1956 1044 1996 electionis
1060 1968 1210 1995 annum
1228 1957 1461 1996 durationis

117 2021 201 2052 non
220 2009 426 2052 habeant,
444 2007 629 2056 legitimi
645 2008 811 2048 dicendi
839 2009 913 2047 fint
941 2020 1013 2058 pro
1044 2021 1096 2047 eo
1122 2008 1222 2048 anni
1237 2016 1427 2059 tempore
1448 2031 1466 2054 .

118 2061 229 2115 quod
250 2073 272 2100 a
288 2059 356 2100 die
375 2060 592 2099 electionis
608 2085 620 2104 ,
651 2066 737 2111 quae
769 2060 858 2100 ficri
890 2060 1066 2101 debebat
1083 2085 1096 2105 ‚
1128 2060 1310 2100 excurrit
1327 2090 1338 2100 .
1368 2059 1464 2099 Hoc

115 2114 208 2155 casu
224 2138 238 2158 ‚
253 2112 401 2162 postte,
420 2112 530 2163 quod
549 2114 687 2152 mense
703 2111 811 2167 Majo
836 2116 924 2158 anni
942 2116 1056 2159 1761.
1076 2112 1244 2151 forfitan
1265 2111 1368 2161 eligi
1388 2123 1464 2156 1³0-

114 2163 306 2210 tument,
323 2164 426 2205 licet
440 2165 565 2205 electi
579 2166 727 2213 postea,
743 2175 883 2204 tamen
901 2165 1024 2217 usque
1038 2164 1089 2204 ad
1105 2164 1286 2203 mensem
1311 2162 1461 2217 Majua

113 2222 204 2259 anni
224 2221 338 2264 1762.
357 2243 371 2262 ‚
402 2230 482 2268 quo
499 2219 716 2258 concursus
733 2218 894 2257 habitus
909 2218 964 2257 cst
980 2241 997 2263 ‚
1027 2227 1098 2257 eos
1139 2213 1374 2267 perdurasse
1402 2215 1466 2255 di-

117 2271 301 2312 cendum
322 2268 420 2309 esset
437 2299 448 2310 .

63 2321 145 2366 Res
164 2323 362 2372 perplexa
379 2345 393 2366 ‚
410 2322 448 2362 Sc
466 2336 553 2374 quae
569 2321 762 2366 deincens
781 2323 971 2373 exemplo
987 2324 1070 2364 crit
1084 2347 1099 2371 ,
1115 2317 1461 2374 integra-REPP-

115 2376 279 2428 judicio
302 2374 448 2414 relic‘ta
462 2378 517 2415 est
530 2405 541 2416 .
559 2375 810 2423 Proponitur

169 2430 243 2471 An
247 2429 300 2480 fit
301 2427 476 2480 standum
489 2451 504 2474 ‚
522 2427 584 2468 vel
597 2431 843 2469 recedendum
858 2428 1016 2479 adea-isis
1032 2456 1047 2469 .

219 2583 529 2629 Recedendum
560 2588 586 2628 a
614 2584 759 2628 decisis
776 2609 790 2626 .

1366 2832 1471 2884 rm-
1492 2801 1494 2803 V
