1919 2964
440 215 745 300 Inigffpretatio
758 255 899 288 autem
912 249 965 287 hu
970 240 1162 292 jusmodi,
1175 245 1281 297 quod
1297 248 1335 283 in
1350 248 1441 285 dic'lo
1456 261 1619 289 numae.
1639 249 1828 289 Summus

494 303 686 348 Pontifex
704 304 898 352 loquatur
913 301 962 341 de
983 301 1136 339 Graecis
1150 325 1162 344 ,
1179 300 1215 339 ἃ
1230 298 1387 338 Latinis
1411 301 1612 341 ordinatis
1642 304 1688 340 ab
1716 303 1827 341 alte-

494 359 582 401 rius
596 357 699 397 ritus
714 354 939 400 Antistite‚
970 365 1060 393 cum
1078 354 1215 390 animo
1234 363 1372 390 tamen
1391 352 1596 393 retinendi
1611 356 1724 393 suum
1747 354 1830 402 pri-

491 412 640 453 stinum
656 408 785 447 ritum
799 434 812 454 ,
833 405 990 445 suaderi
1005 405 1134 445 etiam
1152 405 1316 444 videtur
1333 415 1354 441 a
1371 402 1628 452 sequen-tibus
1645 408 1827 452 ejusdem

490 460 813 504 Constitutionis
830 458 1013 498 numeris
1031 486 1040 496 .
1059 456 1167 495 Nam
1186 457 1254 495 sub
1265 455 1830 507 numa1.decernitur‚pr0hi-

494 516 699 557 bitionem
718 509 1005 552 antecedentis
1021 523 1185 549 numae.
1200 510 1250 548 ad
1263 508 1282 547 I
1298 508 1433 548 atinos
1450 510 1627 551 maxime
1643 512 1829 557 extendi,

489 568 567 618 qui
585 567 817 607 castitatem
834 562 1013 614 profiteri
1031 563 1221 602 nolentes
1237 589 1250 607 ‚
1257 561 1374 619 juxta
1388 565 1502 601 ritum
1516 566 1683 603 Graecum
1702 566 1829 604 Ordi-

494 615 916 671 nesstaeſjyiciumsubspe
930 618 1115 655 retinendi
1129 618 1263 654 vxores
1283 629 1297 655 ‚·
1326 628 1412 666 quae
1439 616 1608 666 quidem
1637 616 1828 665 specialis

492 675 677 714 extensio
696 673 747 712 ad
761 668 930 708 Latinos
943 669 1159 718 cupientes
1186 669 1376 708 Graecum
1409 667 1634 708 institutum
1654 668 1831 717 suscipe-

488 737 536 766 re
551 751 564 769 ‚
583 725 755 763 inuuere
770 721 938 762 videtur
955 723 994 762 in
1011 722 1256 771 praecedenti
1278 733 1450 760 numero
1479 723 1700 773 loquutum
1714 720 1831 761 fuiffe

488 789 574 817 non
587 776 637 816 de
651 775 954 816 transeuntibus
984 775 1034 817 ad
1050 787 1203 816 novum
1223 774 1454 813 institutum
1470 801 1483 820 ‚
1498 775 1566 815 sed
1580 775 1631 814 de
1650 773 1831 818 Latinis,

489 830 532 870 &
547 829 704 868 Graecis
720 829 994 871 retinentibus
1011 830 1220 881 proprium
1245 828 1463 879 antiquum
1478 829 1606 868 ritum
1636 856 1646 866 .
1678 827 1730 866 Et
1749 826 1829 884 'suh

485 895 660 922 numaz.
674 882 930 931 dispensatur
943 895 1038 924 cum
1055 884 1103 923 iis
1124 881 1499 932 Italo—Graecisqui
1516 881 1637 931 usque
1653 881 1701 918 ad
1716 879 1831 918 diem

485 933 612 974 editae
630 933 949 976 Constitutionis
963 962 978 982 ,
1009 939 1053 974 ab
1070 935 1404 985 Epist-opisLatinis
1415 935 1587 980 bonafide
1603 957 1616 977 2
1647 936 1689 976 ὠ·
1704 932 1836 981 absque

483 986 747 1036 despensatione
758 987 975 1037 Apostolica
988 1015 1002 1034 ‚
1018 992 1068 1027 ad
1081 987 1304 1028 Clericalem
1322 986 1517 1035 ngfitram
1533 1011 1546 1030 ,
1565 986 1625 1024 vel
1639 985 1803 1022 Minores
1816 1007 1832 1028 ‚

473 1038 547 1089 seu
562 1037 730 1089 Majores
761 1040 922 1079 Ordines
939 1042 1032 1090 sunt
1040 1044 1210 1091 promoti,
1239 1038 1362 1078 CUM
1395 1038 1595 1077 ANIMO
1616 1035 1828 1077 TAMEN

483 1089 786 1130 PROPRIUM
817 1091 1074 1134 GJRAECUM
1106 1093 1290 1133 RITUM
1323 1090 1644 1129 RETINENDl
1666 1102 1676 1127 z
1703 1102 1746 1128 ex
1765 1089 1829 1128 his

481 1142 596 1183 enirn
611 1143 780 1182 videtur
810 1145 963 1190 conjici
977 1145 1101 1194 posses
1121 1157 1283 1192 Poenam
1315 1143 1576 1193 suspenfionis
1609 1142 1648 1180 in
1663 1151 1830 1181 antece·

485 1196 606 1234 denti
619 1209 788 1234 numae.
803 1195 1001 1236 indit‘ram
1016 1197 1133 1236 fuiffe
1150 1210 1292 1237 contra
1319 1198 1408 1242 ejus
1426 1194 1588 1246 generis
1605 1194 1799 1233 Personas
1813 1219 1830 1241 ,

480 1248 604 1293 cujus
631 1247 722 1285 sunt
753 1246 835 1285 illae
857 1248 896 1286 in
908 1250 987 1287 hoc
1017 1251 1225 1298 posteriori
1245 1261 1418 1289 numero
1450 1247 1635 1293 ‚ratione
1668 1256 1831 1303 tempo·

482 1299 543 1337 ris
571 1322 587 1344 a
625 1307 805 1345 excepta:
828 1325 841 1344 ν
888 1314 973 1351 quae
1015 1303 1177 1344 scilicet
1215 1302 1458 1342 ordinantur
1493 1300 1541 1338 ab
1569 1299 1742 1338 alterius
1772 1311 1829 1336 ri-

478 1358 555 1389 tus
578 1350 778 1391 Antistite
795 1377 808 1397 ,
837 1366 918 1391 cum
946 1359 1064 1394 animo
1095 1366 1216 1395 tamen
1238 1359 1424 1408 proprium
1456 1355 1625 1391 Graecum
1637 1355 1749 1390 ritum
1765 1364 1828 1388 re-

485 1405 633 1442 tinendi
648 1432 660 1444 .
1206 1435 1207 1438 ,

429 1452 499 1495 De
512 1457 634 1502 hujus
652 1457 782 1497 etiam
797 1462 960 1509 generis
979 1462 1163 1502 Personic
1177 1456 1345 1496 videtur
1361 1457 1475 1507 loqui
1493 1455 1827 1496 SummusPonti-

480 1506 550 1547 fex
569 1509 642 1555 suh
668 1525 837 1555 num.23.
856 1540 869 1558 ,
900 1519 943 1556 (o-
962 1523 1026 1557 24.
1047 1536 1059 1554 ‚
1092 1511 1157 1549 ubi
1193 1509 1386 1549 dirimere
1421 1509 1558 1548 voluit
1590 1510 1832 1559 quaestiones

478 1571 566 1598 non
581 1560 774 1600 definitas
792 1564 831 1601 in
848 1561 1118 1600 antecedenti
1137 1576 1302 1601 numao.
1321 1592 1330 1601 .
1356 1562 1539 1601 Ibi-enim
1560 1562 1827 1605 decreverat,

475 1609 743 1649 necessariam
771 1611 849 1650 effe
877 1612 1092 1651 licentiam
1113 1614 1264 1652 Sane‘tae
1280 1614 1396 1652 Sedis
1411 1640 1423 1658 ,
1456 1622 1500 1651 ut
1517 1612 1688 1652 Latinus
1708 1614 1826 1660 Epis-

419 1692 422 1696 .
477 1674 610 1710 copus
637 1663 826 1712 aliquem
852 1662 1060 1704 Ordinem
1086 1665 1277 1705 conferat
1310 1665 1598 1704 Italo-Graecis
1626 1691 1639 1709 ‚
1671 1665 1825 1704 indi‘Sra

475 1712 835 1763 transgressoribus
849 1727 957 1764 paena
974 1728 1182 1765 perpetuae
1199 1718 1463 1765 suspensionis
1478 1743 1489 1760 ‚
1520 1717 1587 1755 sed
1604 1717 1706 1755 nihil
1729 1730 1828 1764 prte-

478 1766 638 1814 scripfit
654 1767 705 1804 de
719 1767 803 1805 ritu
819 1769 1036 1809 retinendo
1061 1772 1109 1811 ab
1125 1770 1356 1818 hujusmodi
1383 1770 1584 1819 promotis
1603 1795 1615 1813 ‚
1657 1769 1733 1819 deq
1743 1782 1824 1809 ue)

485 1817 653 1857 ratione
670 1817 841 1858 illorum
867 1822 1047 1862 ascensus
1076 1824 1126 1863 ad
1144 1825 1324 1871 Maiores
1340 1822 1520 1862 Ordines
1540 1852 1549 1860 .
1568 1821 1649 1873 Hic
1680 1830 1827 1861 autem

476 1870 666 1909 declarat
694 1894 709 1913 ,
737 1872 858 1922 Fquod
888 1874 915 1912 fi
932 1874 1104 1916 Latinus
1132 1878 1352 1926 Episcopus
1380 1874 1559 1914 Ordines
1590 1875 1825 1914 contulerit

479 1921 770 1972 Jtalo-Graecis
789 1949 804 1966 ‚
834 1937 926 1964 cum
951 1927 1252 1975 dispensatione
1285 1926 1518 1975 Apostolica
1534 1953 1546 1971 ‚
1579 1930 1678 1963 itaut
1694 1928 1818 1965 Ordi-

475 1976 560 2013 κατέ
571 1976 614 2012 ab
626 1973 691 2012 illo
705 1977 817 2024 insuo
833 1981 959 2017 (ἶνα-ο
975 1983 1054 2018 ritu
1067 1980 1270 2029 ministrare
1286 1982 1440 2018 debeant
1456 2004 1469 2022 ‚
1488 1979 1604 2024 poffit
1623 1978 1707 2016 illis
1727 1991 1822 2027 per-

472 2027 652 2081 mittere
667 2028 876 2069 ascensum
896 2031 944 2069 ad
965 2032 1146 2082 reliquos
1167 2032 1348 2072 Ordines
1366 2032 1447 2070 ritu
1463 2030 1608 2071 Graeco
1626 2056 1638 2075 ‚
1670 2030 1820 2081 absque

472 2078 561 2135 alia
584 2079 888 2127 dispensatione
912 2083 1173 2132 Apostolicas
1201 2083 1268 2122 Sin
1301 2083 1459 2123 veroin
1486 2083 1618 2133 prima
1637 2082 1819 2137 Ordina-

471 2137 594 2171 tione
604 2143 682 2170 non
701 2132 947 2181 praecefferit
963 2135 1211 2183 dispensatio
1240 2136 1475 2184 Apostolica
1491 2162 1504 2181 ‚
1535 2136 1685 2174 illicita
1708 2134 1823 2179 iudi-

475 2191 598 2221 catur
625 2183 866 2231 ordinatio,
894 2196 1109 2237 tamquam
1136 2188 1341 2228 contraria
1367 2189 1461 2228 huic
1490 2185 1783 2226 Constitutioni
1801 2213 1819 2232 ,

473 2237 524 2278 (ς’
535 2237 662 2274 Graeci
686 2237 824 2275 Clerici
838 2236 1046 2291 hujusmodi
1063 2241 1118 2287 sic
1131 2243 1260 2278 Latino
1287 2244 1380 2276 ritui
1397 2241 1602 2287 alligantur
1617 2261 1629 2280 ,
1656 2247 1699 2274 ut
1717 2241 1760 2276 ab
1776 2253 1817 2278 eo

478 2286 533 2324 ad
559 2289 732 2326 G'raecum
745 2291 867 2328 redire
883 2291 1034 2340 amplius
1050 2305 1117 2328 non
1137 2291 1248 2328 liceat
1259 2315 1272 2335 ‚
1295 2291 1373 2338 stne
1386 2290 1596 2340 Apostolica
1624 2290 1812 2340 dispensa-

475 2341 575 2376 tione
591 2340 830 2390 :solumque
847 2343 1007 2390 poterit
1023 2342 1242 2391 Episcopus
1261 2367 1274 2387 ‚
1292 2342 1416 2381 illum
1431 2354 1452 2381 a
1469 2341 1507 2381 se
1526 2340 1780 2382 Ordinatum
1797 2367 1816 2388 ‚

473 2390 506 2428 fi
519 2402 615 2430 eum
631 2390 827 2430 idoneum
845 2393 1097 2438 judicaverit
1111 2419 1124 2438 ‚
1138 2396 1212 2445 post
1224 2396 1402 2433 obtentam
1421 2392 1676 2443 abfhlutionem
1691 2409 1712 2431 a
1729 2396 1813 2445 sust·

473 2443 637 2492 pensione
650 2468 664 2488 ‚
680 2442 744 2481 vel
758 2445 833 2493 ipse
849 2447 927 2484 ritu
939 2449 1070 2484 Latino
1087 2449 1255 2485 ordinare
1274 2472 1286 2491 ,
1314 2448 1376 2485 vel
1389 2449 1433 2485 ab
1452 2448 1522 2484 alio
1548 2449 1677 2484 Latino
1706 2448 1818 2485 Prae-

469 2495 557 2544 sule
573 2496 872 2543 ordinarifacere
886 2528 896 2538 .
911 2497 1017 2538 Cum
1043 2508 1189 2540 autem
1205 2499 1272 2538 hic
1289 2501 1431 2547 loquat
1439 2512 1482 2538 ur
1499 2498 1548 2538 de
1568 2498 1815 2538 Italo—Grae-

475 2547 537 2586 cis
554 2547 654 2598 ‚qui
670 2547 949 2591 ordinantura
965 2550 1115 2590 Latino
1141 2552 1340 2601 Episcopo
1360 2578 1373 2597 ‚
1404 2557 1501 2590 itaut
1528 2556 1566 2589 in
1586 2552 1653 2600 suo
1684 2555 1814 2591 Graeco

476 2600 559 2636 vitu
575 2602 778 2650 mimstrare
793 2603 946 2641 debeant
961 2628 975 2647 ,
993 2605 1031 2644 ὃς
1050 2605 1182 2654 quoad
1202 2617 1272 2645 eos
1291 2605 1528 2644 declaretur
1559 2603 1712 2643 neceffa
1720 2605 1810 2642 ria)

477 2650 682 2690 absolutio
696 2653 983 2700 asuspenfione
1002 2681 1015 2700 ‚
1045 2658 1205 2706 quando
1230 2657 1472 2695 ordinantur
1501 2670 1523 2695 a
1549 2655 1701 2696 Latino
1720 2657 1813 2706 Epi-

480 2700 602 2747 scopo
619 2726 632 2744 ‚
649 2705 729 2744 fine
743 2705 920 2746 licentia
934 2708 1048 2747 Sedis
1064 2709 1309 2755 Apostolicae
1322 2722 1337 2747 ,-
1353 2708 1466 2747 aliud
1488 2709 1585 2748 hinc
1601 2709 1736 2747 oritur
1750 2720 1812 2745 ar·⁴

478 2762 727 2804 gumentum
742 2781 756 2803 ,
773 2758 882 2808 quod
897 2759 937 2799 in
954 2759 1187 2809 supradicto
1204 2774 1372 2801 num.20.
1389 2787 1402 2808 ‚
1434 2762 1501 2801 ubi
1534 2762 1682 2801 eadem
1709 2771 1821 2808 pena*
1914 2719 1919 2833 ἰ

1648 2813 1811 2862 suspen-
1912 2836 1919 2964 ἱ
